3509 5175
738 381 1102 525 sus]

377 606 617 692 redundaret.
676 604 861 687 Titulum
898 610 1164 720 prescriptum
1197 611 1404 724 inspiciens
1435 611 1544 697 laudo

376 747 552 856 protinus
580 746 747 824 materiae
771 741 876 825 haud
896 747 1061 854 vulgaris
1081 747 1293 844 delectum,
1319 748 1547 858 praeclarum

377 882 463 963 sane
481 881 614 961 illum:
646 879 835 989 fiquidem
850 882 1061 964 Oratorum
1077 882 1214 991 dispari
1232 886 1280 967 in.
1292 912 1438 995 genere
1456 914 1546 995 pra-

377 1014 692 1095 stantisfimorum
712 1015 890 1122 preclara
909 1016 954 1096 sst
973 1017 1109 1098 oratio.
1151 1018 1295 1129 Neque
1319 1019 1408 1102 sane
1438 1020 1546 1128 quid-

377 1177 498 1258 quam
518 1147 693 1229 exhiberi
711 1169 860 1256 poterat
878 1152 939 1231 vel
960 1152 1319 1263 ad-admirationem
1339 1153 1545 1265 pulchrius,

377 1282 438 1363 vel
458 1284 505 1363 ad
527 1284 637 1365 usum
667 1287 1015 1382 accommodatius,
1044 1315 1163 1397 quam
1191 1286 1274 1371 haec
1303 1290 1543 1400 ingeniorum

377 1416 616 1505 diffimilium
634 1420 676 1497 in
694 1419 802 1499 causa
826 1420 1015 1501 consimili
1043 1422 1146 1529 'quasi
1169 1424 1480 1505 concertantium
1504 1448 1546 1499 a·

366 1549 559 1631 mulatio.
604 1553 874 1657 Qamobrem
902 1554 1010 1636 haud
1030 1582 1160 1635 vereor
1188 1556 1342 1638 laudare
1361 1554 1442 1637 hoc
1463 1556 1547 1635 Edi·

380 1690 473 1769 toris
489 1689 717 1783 consilium;
757 1692 826 1799 qui
845 1720 914 1801 per
932 1692 1258 1803 compendiariam
1285 1694 1388 1775 hanc
1408 1682 1551 1802 euredus,

379 1826 422 1907 in
441 1850 580 1930 genere
599 1824 743 1905 diverso
763 1826 995 1934 eloquentia
1013 1826 1165 1915 Atticae
1189 1827 1369 1937 exempla
1392 1825 1548 1909 totidem

380 1956 602 2063 protulerit,
641 1976 679 2037 et
712 1956 868 2041 Lectori
901 1958 1117 2049 notandum
1148 1958 1410 2065 indigitaverit
1444 1958 1548 2055 illum

320 2082 324 2091 ’
381 2089 470 2197 styli
484 2089 703 2170 dissimilem
722 2093 893 2171 colorem
909 2108 947 2169 et
962 2090 1139 2199 figuram,
1155 2092 1270 2172 illum
1284 2090 1548 2173 sententiarum

381 2222 456 2309 five
473 2222 728 2330 splendorem,
758 2224 831 2305 five
850 2223 1020 2334 pondus,
1051 2223 1124 2304 five
1144 2252 1335 2317 acumem
1359 2226 1415 2306 ita
1432 2240 1490 2319 ut,
1510 2250 1548 2303 ex

379 2355 601 2461 hujusmodi
620 2360 825 2439 collatione
844 2359 1029 2450 instituta,
1048 2358 1113 2437 ille
1129 2360 1317 2441 virtutum
1333 2359 1374 2439 in
1396 2357 1548 2440 dicendo

382 2486 624 2579 diffimilium
642 2491 767 2571 sensus
784 2509 899 2600 atque
921 2490 1117 2599 judicium
1139 2489 1326 2571 eliciatur.
1362 2484 1492 2569 Isthoc
1507 2484 1549 2567 est

370 2629 521 2740 strpere
577 2613 581 2619 ³
984 2719 986 2724 .

439 2763 571 2872 Rogas
601 2766 789 2873 possode
818 2767 1002 2886 Editione
1032 2783 1105 2847 tua·
1130 2765 1233 2874 quid,
1250 2762 1445 2846 sentiam?
1480 2764 1548 2844 imo

383 2897 642 3003 ego-vicissim
665 2925 723 2988 ea,
753 2923 837 3004 quae
864 2897 1003 2982 Editor
1034 2895 1199 3004 quilibet
1220 2923 1308 2999 ‚non
1340 2917 1423 2976 tam
1447 2895 1548 2974 soleat

383 3058 508 3139 quam
519 3044 606 3142 quae
618 3032 756 3112 debeat
769 3032 956 3141 prestare,
968 3032 1163 3140 imprimis
1177 3057 1366 3139 quaero.-·
1379 3030 1502 3136 Qud
1515 3027 1548 3107 ad

387 3187 516 3250 textus
536 3171 697 3278 genuini
715 3170 835 3251 fidem
863 3169 1130 3254 stabiliendam
1155 3171 1313 3278 spesiat,
1345 3171 1459 3252 video
1478 3168 1548 3249 saut

389 3308 494 3412 quod
524 3307 631 3388 lucro
660 3315 853 3410 apponas,
886 3331 976 3384 cum
1005 3303 1045 3382 id
1075 3304 1202 3412 operis¹
1229 3302 1352 3382 aliena
1381 3301 1548 3382 industria

384 3437 467 3544 jam
488 3437 584 3518 oum
603 3436 708 3517 saud
727 3435 934 3535 infeliciter
951 3415 1162 3516 asservent.
1205 3435 1307 3516 vase
1335 3461 1450 3542 pono
1470 3431 1547 3542 qun

388 3596 547 3657 mecum
568 3594 646 3651 una
666 3572 809 3651 Lector
829 3595 961 3678 aequus
981 3568 1151 3682 flagitat:
1194 3595 1273 3649 non
1299 3570 1385 3648 sane
1407 3583 1451 3648 ut
1471 3594 1545 3646 eru·

380 3700 551 3790 'ditionis
569 3710 722 3792 Criticae
740 3709 975 3819 farraginem
996 3709 1161 3789 ostentes
1193 3708 1418 3818 (speciosam
1443 3705 1548 3788 sorsau

392 3867 433 3930 et
452 3849 656 3954 inutilem)
676 3849 837 3934 laudum
857 3851 1003 3931 interea
1021 3867 1178 3930 tuarum
1196 3849 1460 3957 potiusquam
1478 3872 1547 3926 ora·

296 3969 303 3980 ¹
393 3983 510 4062 tionis
540 3981 671 4062 alienae
700 3981 850 4077 Editor,
876 3983 941 4064 sed
973 3999 1018 4062 ut
1045 3981 1233 4090 scriptoris
1252 3981 1437 4090 cujusque
1461 4001 1548 4060 meus

395 4117 591 4226 praestetur
609 4119 771 4227 integra,
801 4137 917 4227 atque
945 4119 1217 4202 adeoorator
1244 4108 1474 4202 exhibeatur
1498 4116 1547 4197 suu

396 4251 516 4330 modo
529 4251 707 4332 Oratori'e
719 4277 910 4360 perorans.
939 4253 1170 4360 Peregrinus
1190 4253 1443 4362 interpretem
1461 4275 1546 4360 qua·

383 4413 467 4479 ‚sos
507 4415 588 4469 non
615 4387 821 4505 hominem
852 4386 1068 4483 Romanum,
1096 4388 1160 4470 sed
1188 4387 1476 4500 Atticumqui
1500 4406 1547 4492 per

973 4531 982 4546 '
1394 4507 1547 4590 Athenas
