3509 5175
832 434 1118 575 [292]

393 651 577 736 Politiam
605 669 817 766 temperate
843 659 956 744 s1mul
981 665 1020 744 &
1039 653 1191 745 strenue
1212 661 1462 748 vindicabat:
1500 665 1561 748 ita

393 804 438 869 ut
456 787 518 867 llli
535 790 699 877 immota
716 795 931 881 constarent
953 798 1164 880 stabilitatis
1191 798 1264 881 suae
1292 798 1559 896 fundamenta,

392 951 522 1032 neque
540 929 696 1014 interim
714 933 844 1017 Laicis
870 939 1056 1019 invidiam
1087 958 1339 1048 provocarent
1357 941 1559 1050 dignitatis

393 1086 631 1150 ornamenta.
679 1073 869 1156 Literatus
898 1077 1000 1186 Ipse,
1036 1079 1077 1158 δε
1106 1078 1369 1170 Literatorum
1396 1079 1432 1158 F
1432 1100 1558 1184 autor,

303 1251 305 1258 ,
346 1285 350 1298 ¹
393 1201 549 1283 consrlio
567 1201 680 1287 simul
699 1209 738 1288 dc
754 1211 931 1318 exemplo
946 1210 1101 1320 ingenia
1113 1214 1306 1307 excitavit,
1327 1211 1561 1294 munificen-

393 1330 448 1414 tia
466 1331 589 1429 sovit3
620 1341 818 1422 consulens
837 1371 918 1424 non
938 1346 1057 1427 modo
1075 1375 1126 1427 ne
1144 1349 1238 1457 quid
1250 1346 1481 1428 detrimenti
1497 1373 1560 1424 ca·

393 1464 502 1576 peret
520 1475 730 1582 respublica
748 1480 928 1593 literaria,
949 1483 1013 1564 sed
1028 1505 1071 1564 ut
1090 1511 1183 1564 cum
1200 1483 1474 1564 incolumitate
1491 1483 1561 1560 ali·

393 1611 502 1716 quod
520 1614 640 1714 etiam
657 1616 769 1697 sarnae
785 1621 824 1698 δε
842 1621 1037 1728 dignitatis
1062 1621 1196 1702 lumen
1222 1623 1431 1702 accederet.
1476 1620 1560 1700 De·

384 1739 516 1857 'nique
542 1752 581 1830 in
601 1774 789 1859 quantum
805 1727 917 1839 'illius
946 1759 1095 1840 valebat
1120 1761 1242 1868 gratia
1269 1763 1310 1839 dc
1340 1757 1559 1847 auctoritas,

395 1887 563 1969 vidimus
584 1891 701 1972 Illum
727 1896 827 1975 inter
856 1897 1049 1978 Literatos
1070 1897 1283 1979 studiorum
1302 1898 1449 1976 ducem
1467 1923 1561 1976 eun-

395 2008 487 2088 dem
505 2005 707 2115 epyodlurtrnv
724 2047 781 2113 aar
798 2009 991 2122 resciodens.

450 2147 560 2254 -Qid
588 2148 746 2229 interim
776 2151 816 2227 in
844 2149 1088 2230 Academid?
1129 2152 1238 2258 cujus
1269 2177 1330 2231 res
1357 2148 1562 2234 communi

396 2283 568 2388 quodam
587 2284 827 2391 cognationis
847 2284 1000 2366 vinculo
1019 2314 1114 2366 cum
1130 2284 1312 2365 Ecclesrae
1331 2287 1450 2364 rebus
1471 2312 1562 2365 con·

389 2415 535 2522 junelae
554 2416 742 2524 videntur.
774 2413 888 2494 Nihil
904 2433 1007 2495 certe
1026 2414 1170 2496 horum
1188 2444 1210 2494 a
1227 2416 1276 2496 Se
1292 2417 1446 2525 prorsus
1468 2419 1560 2497 alie·

395 2575 493 2630 num
513 2551 685 2657 putavit3
714 2549 776 2631 sed
797 2551 839 2630 in
858 2568 1051 2659 quantum
1067 2549 1232 2657 intelligi
1258 2549 1382 2659 potest
1412 2551 1562 2630 animus

397 2690 571 2769 Pa'rtiurn
589 2690 781 2769 nullarum
798 2684 922 2763 studio
942 2674 1128 2773 addidus,
1157 2681 1219 2759 sed
1238 2681 1443 2760 commodi
1463 2679 1561 2787 pub-

394 2826 460 2907 lici
480 2826 593 2905 unice
610 2824 809 2915 studiosus,
839 2822 879 2899 in
898 2839 1050 2900 tantum
1069 2818 1287 2899 laudabitur
1311 2818 1415 2897 illius
1442 2818 1559 2897 bene·
1590 2801 1591 2854 ³

395 2956 578 3050 volentia,
606 2982 691 3062 quae
710 2955 750 3031 in
770 2953 987 3037 universum
1007 2951 1044 3030 se
1062 2951 1211 3043 effudit,
1240 2951 1403 3057 praesens
1421 2978 1558 3033 omnes

395 3091 566 3182 confili0,
595 3088 779 3197 quosdam
811 3088 930 3171 etiam
960 3075 1239 3174 munificentia,
1268 3084 1452 3190 adjuvare
1466 3124 1503 3179 3-
1523 3084 1559 3165 id

395 3222 523 3331 ipsum
541 3222 722 3327 denique,
743 3218 847 3328 quod
861 3218 1084 3313 Academiae
1097 3216 1151 3297 est
1165 3215 1292 3310 vitale,
1311 3242 1455 3298 curans
1474 3243 1561 3325 pro·

314 3434 319 3450 ,
395 3359 646 3467 movensque,
675 3358 896 3441 Literarum
928 3382 1081 3463 nempe,
1120 3357 1161 3435 oc
1193 3355 1425 3463 Religionis,
1469 3357 1561 3435 Mo·

394 3523 561 3604 rumque
581 3496 790 3587 bonorum,
818 3482 1027 3573 culturam}
1076 3493 1193 3573 Hanc
1220 3495 1470 3604 disciplinam
1496 3496 1559 3603 qui

395 3646 529 3711 tuetur
559 3628 781 3708 inviolatam
815 3647 931 3736 atque
963 3627 1179 3722 florentem,
1221 3629 1342 3707 Illum
1374 3654 1451 3735 ego
1486 3656 1559 3707 non

383 3750 517 3857 'modo
541 3761 699 3840 nomine
727 3780 865 3870 tenus,
881 3761 944 3840 sed
971 3788 1012 3840 re
1038 3761 1130 3870 ipsa,
1158 3760 1367 3841 Fautorem
1393 3760 1559 3843 vestrum

395 3912 513 4005 atque
530 3894 743 3978 Patronurn
760 3900 1142 4008 censeo-Ecquem
1162 3892 1282 4006 igitur
1301 3897 1417 4007 (libet
1436 3899 1557 3990 enim,

396 4033 582 4141 quoniam
602 4033 642 4113 in
660 4031 761 4112 hanc
780 4034 982 4115 materiem
1001 4036 1134 4127 incidi,
1155 4035 1195 4114 id
1212 4020 1318 4142 quod
1335 4033 1461 4114 sentio
1479 4035 1557 4113 elo-
1587 4127 1588 4154 Ν

395 4166 482 4275 qui)
500 4193 679 4275 ecquem,
698 4166 873 4276 inquam,
893 4166 1122 4250 Academici
1136 4164 1337 4247 adsciscere
1354 4184 1559 4275 potuerant

394 4298 606 4382 Patronem
626 4300 694 4381 illo
718 4300 877 4382 homine
905 4292 1288 4411 potioremi-qni,
1317 4300 1555 4381 Ecclesiasti-

394 4464 531 4524 corum
563 4418 751 4548 princeps,
779 4464 839 4523 ree
871 4436 1152 4527 Ecclefiasticas
1183 4454 1291 4520 tanta
1321 4464 1416 4520 curn
1447 4438 1555 4518 lande

1432 4561 1555 4651 admi·
