3509 5175
820 407 847 550 [
919 409 1139 562 31251'

200 769 206 778 1
367 638 544 725 Sollicite
564 605 677 749 pictis
694 639 807 754 super
825 637 1088 752 impallescere
1104 637 1249 727 charus
1258 677 1275 741 ς

368 811 427 896 Et
443 807 604 904 loculos,
630 806 702 916 ubi
720 799 929 891 successum
941 804 1030 890 Dea
1048 807 1130 892 dira
1150 813 1320 927 negavit,

366 982 624 1066 Tmstantem
644 978 860 1088 trepidante
880 1005 1002 1086 manu
1019 976 1212 1101 fugientia
1229 999 1336 1063 retro

366 1149 463 1232 AEra
480 1147 764 1258 sequi-Qd
784 1148 909 1232 multa
920 1149 994 1228 ἓ-
1006 1148 1188 1264 supremo
1201 1149 1281 1233 fine
1297 1150 1499 1249 laborum,

366 1315 533 1414 Omnia,
561 1345 647 1430 quae
665 1317 817 1400 dudum
835 1320 978 1405 metuit
995 1321 1162 1433 praesaga
1180 1321 1276 1403 mali
1294 1349 1423 1420 mens,

366 1487 417 1572 In
435 1486 555 1570 risum
573 1488 689 1572 vertit
706 1489 879 1600 gaudens
896 1489 1073 1574 Fortuna
1083 1491 1233 1600 jocari:

366 1659 559 1771 Namque
581 1658 721 1754 bonus,
741 1659 926 1744 miserans
945 1685 1027 1760 non
1046 1661 1165 1770 digna
1182 1659 1342 1743 ferentis
1360 1660 1496 1757 amici,

367 1825 918 1940 Rogerusloculi'dellendum
935 1829 1090 1942 supplet
1108 1829 1278 1927 hiatum,
1366 1938 1370 1944 .
1494 1819 1499 1826 ’

368 1999 581 2082 Instaurare
601 1996 750 2078 aninioe
771 1998 933 2108 cupiens
947 1999 1110 2110 vimque
1128 1999 1270 2085 addere
1287 2001 1410 2084 victo.

356 2225 359 2230 ,
425 2166 571 2252 Dulcia
585 2168 672 2276 jam
688 2167 787 2250 tristi
804 2168 1017 2250 succedunt
1033 2168 1115 2250 otia
1132 2168 1244 2264 ludo,

369 2333 548 2420 Molliter
566 2335 772 2444 exhaustos
794 2339 871 2420 risu
889 2336 1049 2420 fallente
1065 2300 1221 2420 laborea

371 2509 480 2589 Inter
496 2507 585 2590 vina
598 2507 783 2620 jocosque
802 2511 843 2591 δε
861 2507 956 2591 laetae
973 2507 1075 2591 scria
1086 2507 1243 2591 mentis.

428 2680 527 2775 Inde
545 2675 763 2760 facetorum
776 2678 870 2789 post
888 2697 949 2763 tot
966 2659 1191 2761 discrimina
1209 2703 1341 2759 rerum

369 2849 603 2969 Linquimus
624 2849 797 2931 aversum
815 2849 961 2931 solem:
990 2844 1226 2958 reducesque
1240 2846 1431 2957 deinceps

371 3016 535 3129 Excipit
566 3018 782 3112 oxonium,
812 3016 902 3100 finis
920 3015 1141 3127 chartaeque
1158 3018 1324 3137 viaeque.

429 3190 492 3269 Sic
512 3188 598 3277 tibi,
625 3176 841 3297 xappoprdur
859 3221 886 3266 ω
905 3218 935 3266 rr
951 3215 1037 3303 arpeo-t
1055 3177 1152 3272 xvdcc
1168 3217 1291 3297 epac-or,
1337 3274 1342 3289 .

371 3356 606 3441 Describcns
626 3358 699 3437 iter
717 3383 837 3437 omne
850 3355 1089 3465 loquaciter,
1119 3375 1163 3436 ut
1181 3381 1294 3437 meus
1311 3350 1367 3433 est
1388 3379 1489 3447 mos,

372 3527 579 3642 Qidquid
598 3474 792 3635 nugarum
814 3553 926 3607 mens
945 3523 1134 3636 concipit
1159 3524 1273 3607 illino
1290 3520 1439 3605 chartis

372 3696 603 3791 Proludcns,
622 3694 824 3806 patiorque
840 3693 901 3777 vel
922 3693 1161 3779 inconsultus
1181 3693 1333 3775 haberi.

430 3866 502 3949 Est
521 3866 594 3947 tibi
611 3885 704 3947 nota
723 3865 988 3971 tui.sententia
1007 3865 1084 3947 Dia
1109 3862 1319 3947 Maronis:

374 4048 405 4089 “
419 4035 550 4159 Aude,
563 4035 725 4147 Hospes,
740 4053 991 4118 contemnere
1000 4062 1109 4149 opec,
1124 4051 1164 4116 et
1173 4051 1386 4145 tequoquc
1398 4028 1549 4139 dignum
1586 4011 1587 4014 Ὺ

374 4206 437 4286 “F
437 4206 526 4317 inge
537 4208 666 4289 Deo.’'
676 4208 776 4290 Haec
789 4208 961 4289 recolens
971 4211 1128 4292 memor
1141 4202 1221 4287 esto
1231 4180 1433 4284 mouentia
1445 4195 1549 4281 amici

1237 4484 1240 4487 ,
1320 4382 1455 4593 ’μ’
