3509 5175
623 502 816 643 [299
886 510 1039 650 ]3

181 729 297 812 Subit
328 729 519 839 imprimis
547 730 627 824 illa,
656 759 740 842 quae
766 731 911 812 Virum
940 731 1155 841 principem
1185 730 1357 813 maxime

180 865 360 958 decebat,
381 867 420 944 in
441 865 604 944 confiliis
619 867 800 946 omnibus
814 857 992 948 Gravitas
1008 869 1048 945 δε
1064 841 1297 958 Constantia,
1316 869 1358 946 do

180 1004 289 1084 mitis
309 1002 483 1112 quaedam
503 1003 708 1110 Sapientia,
738 1003 985 1110 Judiciorum
1010 1025 1227 1114 temperans
1251 1006 1358 1085 seve·
1392 1009 1396 1020 '

182 1140 342 1220 ritatem
357 1184 412 1202 -
431 1139 496 1219 illa
516 1140 555 1219 in
579 1132 684 1221 ¹Suos
713 1140 869 1222 Lenitas
904 1144 1017 1253 plane
1046 1161 1205 1251 paterna
1218 1189 1274 1205 —
1292 1143 1361 1223 illa

183 1303 304 1383 porro
324 1278 364 1354 in
382 1275 613 1385 Colloquiis,
634 1279 674 1358 in
690 1271 903 1374 Conviviis,
923 1284 962 1364 in
978 1282 1249 1390 Congreffibus
1269 1283 1361 1392 qui-

183 1409 425 1520 buscunque,
439 1409 694 1505 Urbanitatis,
715 1411 992 1507 Liberalitatis,
1022 1416 1061 1493 oe
1080 1415 1362 1496 Benevolentiae

182 1544 310 1650 gratia
328 1544 525 1654 fingularis
537 1587 592 1606 —-
605 1547 668 1625 illa
686 1549 763 1627 fine
782 1548 938 1630 levitate
952 1549 1138 1629 Hilaritas
1155 1547 1363 1656 tranquilla

183 1725 239 1744 -
255 1677 334 1757 fine
352 1678 449 1759 fastu
477 1669 662 1764 Severitas
689 1665 894 1763 reverenda
908 1668 1070 1763 -ὅὲ
1093 1684 1358 1793 quodcunque

184 1817 352 1898 demum
372 1814 659 1912 Patrisamilias,
688 1838 754 1899 aut
773 1837 932 1930 propter
951 1818 1048 1900 bene
1069 1821 1222 1911 merita,
1251 1843 1361 1898 amo·

186 1983 290 2048 rem,
320 1973 386 2036 aut
403 1974 558 2066 propter
585 1956 831 2064 dignitatem,
863 1931 1125 2052 reverentiam,
1155 1957 1363 2037 conciliare

179 2088 372 2200 potuerit.
388 2087 698 2198 -Qanquam
727 2087 822 2197 quid
849 2084 919 2165 ista
946 2086 1156 2168 domestica
1180 2094 1361 2168 comme·

186 2250 318 2320 moro,
348 2249 517 2332 quorum
536 2219 749 2304 recordatio
769 2219 847 2336 ipsa
864 2249 957 2304 cum
977 2220 1170 2306 defideriis
1190 2250 1268 2303 una
1295 2249 1359 2302 re-

186 2373 306 2434 novat
325 2352 505 2434 dolores?

242 2491 303 2572 At
316 2518 406 2572 vero
424 2491 502 2603 ipse
516 2492 595 2572 mei
614 2489 764 2603 prorsus
785 2492 1007 2588 immemor,
1028 2493 1068 2576 ὄσ
1082 2506 1185 2570 certe
1204 2491 1364 2601 iufignis

187 2628 369 2710 beneficii
387 2630 609 2723 immemor,
639 2658 829 2737 arguerer,
858 2632 984 2711 s1nou
1003 2630 1112 2709 illam
1134 2630 1174 2707 in
1195 2631 1362 2739 Repub-

186 2766 262 2847 lica
284 2766 470 2849 Literaria
488 2754 637 2873 Judicis
659 2786 773 2873 atque
786 2740 983 2877 Censoris,
1009 2793 1131 2873 quam
1148 2763 1248 2844 mihi
1267 2765 1364 2876 saepe

188 2902 406 3015 plurimum
444 2901 625 3013 prosuifl'e
669 2903 803 2999 sentio,
851 2906 1008 2985 laudem
1046 2904 1359 3011 recognoscerem

187 3040 543 3148 praedicaremque:
584 3067 662 3118 nou
691 3043 797 3123 eninr
826 3043 978 3149 ignoras
1010 3069 1073 3120 me
1104 3041 1244 3147 scripta
1274 3068 1362 3121 mea

189 3176 271 3261 sere
290 3176 435 3269 omnia,
455 3175 518 3253 illa
533 3176 723 3283 praecipue
738 3204 822 3285 quae
837 3178 876 3257 in
892 3178 1020 3260 lucem
1036 3176 1237 3285 publicam
1256 3196 1366 3267 crant

189 3308 454 3420 producenda,
485 3306 592 3393 Illius
605 3308 757 3415 judicio
777 3310 848 3393 srve
874 3308 1120 3417 approbanda
1148 3310 1221 3388 five
1249 3308 1364 3387 casii-

189 3446 319 3553 ganda
337 3438 568 3551 permifiss03
604 3468 688 3551 quae
708 3442 867 3550 quidem
890 3442 959 3521 Ille
978 3440 1210 3547 dignabatur
1228 3466 1364 3518 recen-

190 3578 284 3669 sere,
315 3576 549 3669 examinare,
578 3578 779 3685 corrigere,
810 3604 878 3685 pro
907 3576 1088 3657 consueta
1107 3575 1366 3657 Humanitate

190 3718 258 3798 sua
288 3716 467 3821 benigne,
492 3722 572 3826 ‘pro
601 3716 787 3831 Amicitia
819 3717 958 3807 libere,
993 3742 1065 3823 pro
1077 3715 1188 3834 “Jur'e
1216 3713 1364 3821 Critico

192 3848 346 3939 acriter,
375 3849 414 3927 de
437 3846 519 3927 κατ’
537 3846 719 3967 augasma.
770 3848 807 3925 Si
837 3848 932 3957 quid
961 3848 1057 3925 adeo
1084 3864 1301 3925 occurreret
1315 3844 1363 3920 in

191 3983 365 4079 distione
386 3982 507 4093 acrius
528 4000 594 4062 aut
612 3981 820 4073 ardentius,
850 3978 973 4087 srquid
1000 3977 1222 4094 juveniliter
1253 3974 1366 4053 exul-

192 4134 281 4195 tans
303 4131 368 4194 aut
388 4114 532 4223 alioqui
552 4114 681 4194 minus
702 4102 938 4207 accuratum,
967 4114 1092 4223 siquid
1112 4113 1152 4189 in
1172 4108 1367 4187 sententiis
1423 4176 1428 4190 ,

192 4252 581 4361 minus‘explicatum
601 4270 667 4332 aut
687 4251 908 4345 definitum,
935 4234 1057 4357 siquid
1076 4279 1113 4327 εκ
1130 4274 1287 4356 neptunus
1306 4276 1364 4339 aa,

173 4432 174 4435 κ
192 4378 624 4503 confoederamur—liquid
639 4388 788 4471 invidiae
802 4390 841 4469 ds
857 4384 1129 4466 offensrouibos
1147 4381 1365 4465 obnoxium

805 4523 922 4633 Pp2
1257 4513 1367 4620 fuid
