3509 5175
629 501 920 668 [269']

185 748 395 861 veroquid
412 747 491 833 hoc
507 750 562 832 est
580 727 755 834 amabilia
773 751 938 846 insaniae,
966 777 1051 863 quae
1066 749 1193 862 capita
1208 763 1267 833 tot
1284 744 1363 830 ho-

186 885 299 966 nesta
312 881 498 990 vertigine
511 887 679 999 quadarn
693 885 852 968 ridicula
865 887 1039 996 corripit,
1059 883 1365 992 circumagitque

186 1035 338 1096 temere
368 1017 544 1125 sequacia
575 1018 766 1128 sphaerulae
797 1019 975 1100 volubilis
1006 1018 1200 1098 ludibria?
1243 1014 1363 1096 Unde

187 1148 315 1230 isthoc
332 1150 511 1228 omniurn
531 1150 612 1232 fere
631 1152 769 1233 animis
787 1150 948 1232 infidens
975 1150 1133 1232 ludendi
1162 1147 1364 1232 cacoethes

187 1285 431 1376 insanabile?
465 1285 566 1367 vahl
601 1288 741 1368 srccine
761 1289 874 1395 juvat
899 1285 1017 1397 usque
1041 1310 1237 1379 nummos,
1267 1283 1365 1377 otia,

187 1420 416 1528 famamque
435 1418 519 1498 lusu
538 1419 688 1529 prorsus
707 1421 844 1528 puerili
862 1421 1077 1530 disperdere
1094 1420 1107 1498 i
1124 1465 1180 1483 -
1194 1417 1268 1497 Hae
1287 1415 1364 1497 tibi

187 1550 279 1630 sunt
296 1567 408 1640 artes,
436 1547 497 1626 hae
516 1548 677 1642 delicia,
695 1548 778 1629 hac
797 1553 1091 1643 oblectamenta,
1113 1553 1150 1629 0
1169 1551 1363 1656 eleganter

186 1680 340 1788 inepta,
361 1677 599 1757 &damnose
619 1679 813 1790 ingeniosa
830 1677 1102 1789 Thermopuleis
1132 1681 1250 1787 digna
1269 1676 1362 1786 qui-

189 1815 287 1895 dem
305 1813 385 1906 illa,
415 1840 500 1921 quae
518 1813 566 1913 in⁴
578 1815 820 1898 Britanniam
837 1813 860 1894 a
878 1839 992 1923 gente
1019 1812 1268 1922 nugaciffimal
1293 1811 1361 1891 ea-

185 1950 282 2032 dem
310 1949 350 2027 de
380 1947 638 2028 inimiciffimd
668 1949 954 2044 inveherentur,
989 1950 1037 2029 ab
1064 1949 1133 2028 ista
1167 1947 1365 2028 malorum

186 2081 272 2162 fere
289 2081 467 2161 omnium
487 2080 734 2161 blandiffima·
750 2080 905 2191 opifice,
933 2077 1089 2160 Gallia:
1132 2078 1216 2159 imo
1244 2078 1362 2185 digna

187 2220 346 2312 itidem,
373 2245 458 2326 quae
477 2218 714 2300 Neronianus
740 2219 806 2298 ille
835 2219 1061 2299 deliciarum
1080 2219 1241 2300 Arbiter
1264 2217 1360 2325 stylo
1452 2245 1456 2250 ·
1560 2306 1564 2315 l

187 2352 366 2461 nequiter
396 2349 612 2432 lasciviente
644 2352 870 2435 describeret
891 2353 1122 2433 Petronius!
1140 2393 1197 2410 -
1216 2351 1255 2427 O
1277 2349 1358 2428 mi-

187 2512 291 2578 ram,
327 2484 508 2592 &plane
541 2485 792 2593 singularem,
831 2511 958 2594 neque
993 2510 1082 2571 vero
1116 2481 1362 2561 invidendam

185 2619 352 2726 hujusce
364 2618 440 2698 loci
455 2617 682 2701 felicitatem
697 2619 706 2699 !
722 2621 796 2701 ubi
808 2620 957 2699 Omnes
972 2616 1052 2698 fere
1066 2617 1168 2725 quali
1185 2641 1233 2695 ex
1248 2618 1363 2725 paeto

186 2760 229 2838 dc
247 2757 379 2837 dedita
396 2783 524 2864 opera,
556 2755 801 2863 (valetudinis
831 2754 977 2835 scilicet
1005 2750 1153 2862 gratia)
1184 2778 1256 2832 nec
1285 2749 1364 2829 fine

188 2897 324 3004 aliqua
342 2897 486 3003 ingenii
505 2894 618 2975 laude
638 2893 766 2974 sedulo
786 2893 1003 3000 defipiunt3
1032 2891 1127 2981 adeo
1145 2907 1189 2970 ut
1208 2887 1362 2969 homini

185 3035 316 3115 homo
334 3060 413 3114 non
433 3034 482 3114 ita
500 3034 672 3117 multum
690 3032 851 3142 praestet,
881 3012 1001 3111 stulto'
1015 3026 1256 3136 intelligens!
1292 3026 1363 3107 ubi

185 3176 382 3286 plurimus
401 3173 477 3253 fine
503 3174 644 3280 gaudio
671 3169 833 3279 plausus,
862 3168 941 3247 fine
970 3165 1117 3247 facetiis
1147 3162 1254 3253 risus,
1282 3160 1364 3239 fine

186 3307 471 3419 tranquillitate
503 3308 640 3399 otium,
669 3305 746 3385 fine
771 3302 904 3385 fructu
930 3298 1150 3409 negotium,
1178 3320 1250 3375 nec
1280 3292 1359 3383 fine

184 3443 371 3555 periculis
406 3442 578 3549 nugario,
612 3444 651 3523 ἃ
679 3439 848 3551 denique
878 3438 919 3517 in
949 3434 1121 3517 maxima
1152 3429 1363 3510 hominurn

184 3582 409 3692 frequentia
426 3580 590 3660 solitudo
610 3580 795 3659 maxima.
811 3624 867 3641 -
882 3575 956 3657 Sed
981 3569 1186 3681 aliquando
1203 3568 1362 3651 tandem

184 3746 356 3801 manum
375 3717 424 3798 de
443 3717 582 3809 tabula,
598 3757 651 3781 -·
668 3744 718 3796 ne
732 3715 846 3806 sorte,
871 3738 1038 3823 quarum
1057 3708 1269 3817 imaginem
1289 3705 1363 3787 ad·

185 3858 371 3939 umbrare
383 3857 499 3964 coepi,
520 3857 566 3936 ad
582 3882 647 3943 me
661 3881 818 3968 quoque
830 3854 1064 3969 ineptiarum
1079 3846 1257 3957 contagio
1273 3870 1364 3956 per-

184 3988 316 4099 tigiffe
336 3987 519 4072 videatur.
644 3990 648 3999 “

243 4238 297 4317 P.
308 4237 349 4317 S.
380 4236 451 4316 Sed
468 4234 565 4317 heus
585 4234 725 4347 rinnel
766 4234 923 4317 tandem
946 4231 1077 4313 inveni
1094 4228 1266 4321 Virum;
1297 4224 1377 4309 in·'
1400 4264 1404 4293 τ

182 4371 263 4453 star
283 4369 390 4452 mille
409 4392 544 4451 unum.
572 4368 701 4449 Facile
715 4367 804 4450 scias
819 4396 910 4449 eum
925 4363 1025 4445 mihi
1043 4359 1222 4472 placuisse
1241 4382 1364 4467 quem

182 4532 417 4617 acceperam
428 4504 646 4593 testimonio
657 4505 975 4593 commendatum
988 4518 1057 4585 tuo
1063 4534 1076 4595 ς
1098 4496 1253 4585 Virum,
1261 4492 1365 4574 inter

1099 4612 1365 4726 Bathonr‘erffes
