3509 5175
838 391 1094 534 [82]

384 621 461 703 dem
479 619 720 709 laudatorio,
748 614 850 727 quod,
866 643 945 699 cum
962 549 1016 700 eid
1037 600 1274 698 laudationem
1291 611 1395 696 unice
1413 627 1582 762 compa

384 777 501 846 retur,
532 757 717 864 Elogium
738 773 867 836 vocare¹
863 754 949 862 sol
944 772 993 833 et.

440 895 562 1024 Probe
588 892 677 1016 nolli
697 895 821 1001 Opera
840 890 1006 1030 quadam
1022 889 1205 996 posthumo
1224 885 1310 966 Viri
1333 887 1401 994 ds
1385 882 1550 998 derats

369 1003 519 1138 simi,
490 1015 574 1137 jam
594 1061 618 1109 a
619 1031 735 1138 liquot·
750 1022 940 1106 abhinc
902 1027 1009 1107 annis
997 1011 1139 1115 edito,
1169 1025 1265 1104 hanc
1281 1015 1551 1101 commendatit-

276 1140 280 1147 ’
385 1194 465 1246 nem
484 1150 638 1270 reoslram
656 1163 781 1268 secum
811 1158 962 1268 traxtsi
979 1185 1052 1238 una
1038 1158 1151 1264 stne
1180 1157 1342 1237 comitem
1360 1172 1474 1262 atque
1492 1151 1554 1230 mi·

385 1302 688 1411 nssramsama’:
731 1297 771 1374 V
765 1317 977 1411 ernutameu
995 1295 1141 1376 iterata
1158 1293 1297 1402 bidurfin
1314 1289 1478 1372 editionis
1494 1314 1552 1367 cnr

383 1453 451 1514 aut
468 1432 656 1516 Leelorem
676 1450 742 1510 atet
757 1432 977 1539 Scriptorem
997 1431 1176 1535 poeniteat
1196 1427 1402 1532 bandjane
1427 1421 1550 1512 videm

370 1565 611 1673 squideml
569 1567 694 1673 aiqua
711 1584 779 1644 aut
797 1564 914 1644 laudis
925 1549 1109 1670 primatui,
1129 1575 1196 1637 aut
1214 1557 1392 1637 utilitatis
1405 1554 1553 1666 publica

379 1698 513 1826 gratia
531 1713 737 1809 quaretur.
779 1698 974 1812 Namque
966 1707 1024 1784 ut
1041 1691 1134 1800 quod
1149 1719 1208 1769 res
1224 1689 1319 1798 est
1316 1713 1442 1798 oquar,
1461 1711 1552 1768 nun·

386 1860 494 1944 quam
515 1833 614 1940 cupio
634 1833 749 1938 magis
766 1850 809 1911 ut
829 1829 920 1911 mihi
939 1805 1075 1911 exultet
1091 1831 1197 1936 atque
1211 1827 1413 1992 triumphet
1428 1823 1553 1915 oratio,

380 1971 416 2088 Κ
415 1998 558 2056 ventam
579 1969 682 2050 dabis
699 1965 928 2079 arrogantia
946 1964 1015 2050 nin
1027 1965 1224 2076 inhonestae
1192 1961 1250 2071 a)
1267 1993 1377 2076 quam
1395 1993 1476 2046 cum
1495 1965 1551 2044 vi-

384 2099 546 2182 r'or'ami
545 2099 745 2210 llstrium
741 2102 944 2182 memoriam
973 2099 1013 2180 in
1016 2093 1153 2204 fama
1177 2099 1422 2181 celebritatem
1449 2114 1554 2208 atque

283 2228 286 2231 ’
371 2232 648 2365 splendorem
634 2233 810 2314 revocare
843 2231 1074 2338 aggreditur,
1111 2234 1153 2312 ΕΙ
1180 2225 1301 2341 prael
1297 2261 1368 2311 ara
1397 2225 1577 2354 quadam*

385 2388 454 2447 ant
473 2369 661 2449 virtntnm
679 2386 748 2449 ant
779 2368 921 2477 ingenii
946 2386 1175 2448 monumenta
1199 2363 1354 2480 posleris
1378 2364 1553 2446 imitanda

381 2499 622 2595 commendat.
652 2481 725 2579 Ita
730 2501 869 2609 saltem
890 2499 932 2580 de
949 2501 1045 2583 Eccl
1042 2503 1109 2611 esta
1128 2521 1238 2615 atque
1256 2499 1414 2611 Republ
1397 2529 1455 2580 oca
1384 2499 1553 2580 lbene

380 2618 520 2711 'mereri
548 2627 668 2725 velim,
697 2647 741 2711 nt
754 2633 871 2712 'viros
897 2630 939 2712 de
968 2631 1084 2741 isdem
1102 2632 1188 2712 bene
1206 2632 1350 2711 meritas
1370 2629 1553 2737 pracuniis

373 2747 543 2872 'studeam
562 2762 691 2843 debitis
709 2763 959 2871 cohonestare3
988 2763 1146 2857 adeant,
1174 2762 1271 2873 quod
1281 2760 1420 2865 suerat
1432 2760 1553 2870 pieta-

382 2896 439 2976 'tis
455 2887 632 3004 privata
661 2891 910 2999 testimonum·
937 2894 1027 2977 edem
1041 2894 1157 3001 fimnl
1179 2893 1349 2976 commodo
1379 2893 1553 3001 inserviat

254 3088 260 3099 -
384 3016 540 3142 publicu,
570 3030 782 3140 efficiatque,
801 3049 844 3111 ut
859 3032 1129 3136 'Exemplitam
1146 3020 1339 3111 laudabilis
1355 3026 1553 3111 recordatio

383 3164 438 3247 ⁰&
451 3161 652 3271 Striotoris
670 3162 772 3243 inter
792 3160 932 3267 primos
952 3160 1077 3241 eximii
1090 3161 1213 3270 gloria
1231 3158 1446 3252 celebretur,
1461 3184 1462 3189 ’
1474 3159 1552 3271 pos·

380 3285 481 3383 ’teris
493 3299 594 3407 usque
607 3294 818 3405 profutura,
836 3294 1006 3407 quamdin
1020 3295 1202 3380 hominnm
1216 3292 1553 3403 onimis‘insederint

311 3508 314 3511 ,
382 3420 564 3541 praeclari
588 3430 744 3539 ellados
771 3433 889 3542 operis
910 3432 953 3512 ΘΙ
972 3430 1168 3513 admiratio
1196 3432 1239 3513 &l
1258 3428 1455 3511 aemulatio.
1503 3434 1553 3513 Et

386 3551 430 3653 ‘eo
449 3570 590 3682 quidem
609 3565 834 3652 animo-'hoc
862 3600 887 3654 a
917 3602 970 3655 me
988 3568 1087 3654 dicia
1107 3566 1268 3677 intelligi
1288 3566 1411 3684 velim,
1441 3587 1484 3649 ut
1512 3564 1556 3649 od

390 3698 577 3815 Theologi,
605 3702 702 3814 cusae
719 3690 912 3820 imaginem
929 3726 1018 3791 ante
1036 3708 1150 3791 oculos
1172 3705 1280 3817 pastui
1300 3707 1552 3797 venerandam,

392 3838 502 3956 opera
519 3842 651 3937 omnia,
680 3843 807 3955 quibus
834 3844 930 3933 nihil
940 3848 1034 3955 fere
1059 3845 1229 3929 habemus
1246 3842 1445 3956 elegantius
1463 3871 1553 3951 gro·

393 3975 538 4086 vicosve,
553 3975 680 4083 sedulo
703 3978 921 4092 perlegenda
932 3977 1118 4087 juventus
1131 3975 1352 4059 Academica
1363 3973 1552 4059 excitetur.

449 4112 544 4221 Jam
566 4139 657 4197 vero
686 4110 730 4193 de
754 4113 827 4194 hoc
844 4109 1065 4223 scriptionis
1089 4110 1215 4217 nostra
1227 4110 1370 4264 forma
1376 4109 1507 4217 sngul
1501 4114 1558 4195 ari

396 4251 474 4337 hoec
493 4248 631 4390 pauca
635 4260 770 4338 mecum
788 4250 1005 4361 recognosce
1057 4249 1257 4362 Unicuique
1278 4244 1453 4337 nimirum
1468 4248 1554 4357 stylo

1389 4378 1554 4497 proprios
