3509 5175
807 398 843 540 [Ι
904 408 1004 532 ³0⁶
1074 400 1099 542 ]

361 628 536 722 licitatio,
568 643 656 709 tum
687 624 936 723 Domestica,
966 649 1055 712 tum
1080 626 1265 726 Publicae,
1294 629 1338 710 in
1364 627 1445 714 hoc
1465 658 1553 716 uno

361 765 492 876 eapite·
506 760 707 844 historiam
727 757 1087 872 compendiariam!

416 901 508 1008 Jam
528 896 686 977 tandem
709 893 842 974 videor
861 921 939 974 una
956 922 1052 977 cum
1069 892 1145 974 lllo
1165 893 1206 974 in
1231 897 1417 979 curriculi
1434 897 1545 1007 quafi

360 1055 535 1118 extrema
554 1031 674 1139 spatia
702 1028 897 1110 devenire.
943 1029 1008 1107 En
1035 1025 1299 1136 spectaculum
1328 1030 1419 1112 Deo
1448 1032 1546 1139 dig·

327 1167 329 1172 ’
360 1169 484 1254 num!
514 1171 641 1252 virum
658 1166 807 1246 bonum
820 1191 914 1243 cum
930 1163 1129 1244 doloribus
1143 1161 1297 1246 fortiter
1310 1166 1546 1248 conflictan-

359 1267 456 1394 tem,
476 1303 516 1381 dc
532 1301 581 1381 de
600 1297 671 1379 fari
690 1290 900 1402 terroribus
923 1289 1247 1401 triumphantem,
1267 1295 1410 1376 invitae
1430 1296 1547 1378 exitu

359 1437 520 1548 perinde
540 1462 584 1515 ac
604 1431 760 1513 decursu
782 1424 1079 1508 admirabilem!
1120 1425 1266 1509 Videor
1284 1420 1459 1524 affluere,
1489 1431 1547 1510 al-

359 1570 483 1679 loqui,
514 1564 792 1677 philosophari,
822 1560 1049 1656 Christianae
1067 1560 1308 1647 fortitudinis
1326 1566 1367 1645 dr
1380 1567 1546 1674 patien-

358 1704 421 1783 tiae
441 1701 677 1781 documenta
696 1693 877 1784 haurire:
920 1718 1036 1772 cerno
1067 1693 1402 1777 circumstantium
1428 1696 1548 1778 sedu-

359 1836 512 1916 litatem
530 1815 737 1914 offioiosam
759 1845 826 1906 aut
846 1825 1150 1912 sollicitudinem
1170 1827 1415 1922 taciturnam,
1450 1829 1546 1910 1112.

319 1964 330 1988 “
359 1998 450 2052 rum
479 1970 684 2081 praecipue,
715 1989 811 2072 quas
844 1962 918 2043 Ille
946 1961 1098 2072 semper
1129 1963 1272 2046 merito
1300 1961 1545 2056 chariffimas

357 2097 510 2192 habuit,
603 2092 609 2102 ⁴

418 2199 421 2206 ⁴
580 2224 622 2283 Ar
640 2233 700 2310 μεν
718 2234 763 2281 ert
783 2199 860 2315 ζωον
877 2235 950 2306 yur
969 2195 1086 2314 Errloprt
1105 2199 1134 2313 pi
1151 2232 1191 2281 ενι
1211 2236 1302 2312 erup).

367 2469 370 2474 ,
414 2388 547 2478 Cerno
569 2379 730 2462 demum
748 2381 884 2460 omnia
912 2380 1170 2487 trepidatione
1193 2381 1234 2459 de
1256 2406 1425 2462 moerore
1444 2409 1544 2464 con·

358 2522 474 2618 cuffa,
495 2539 632 2632 praeter
648 2517 770 2628 Ipfius
790 2520 991 2601 animum:
1022 2518 1142 2626 Illum
1156 2545 1246 2603 vero
1264 2520 1306 2601 in
1326 2519 1388 2603 his
1406 2549 1543 2605 rerum
1595 2524 1596 2549 ³

360 2646 628 2767 asperitatibus
649 2654 697 2735 ad
716 2651 1091 2767 extremum-usque,
1119 2656 1224 2735 inter
1247 2654 1420 2764 corporis
1441 2657 1545 2739 exeti

329 2844 332 2851 ·
359 2798 559 2881 cruciatus.
572 2788 1179 2902 aeerhiffimor,.tranquillum-&
1192 2793 1263 2874 fibi
1282 2793 1544 2877 constantem.

213 3005 217 3017 ,
287 2969 294 2979 ‘
360 2974 417 2995 --
432 2931 478 3009 0·
505 2926 678 3007 crudelia
708 2926 945 3009 Amicorum
979 2944 1082 3015 vota,
1111 2952 1198 3033 quae
1221 2928 1323 3033 vitaej,
1350 2955 1434 3009 non
1456 2931 1544 3038 jam

359 3068 508 3167 vitalia,
548 3064 844 3147 diuturnitatem
878 3065 1194 3176 pollicebantur!
1242 3066 1307 3149 Illi
1339 3066 1542 3177 profesto,

359 3206 430 3316 qui
459 3202 544 3319 satis
577 3201 752 3295 Naturae,
781 3201 869 3281 satit
901 3202 1021 3283 etiam
1047 3200 1210 3295 Gloriae,
1244 3204 1405 3299 vixerat,
1443 3206 1543 3291 nibil

358 3338 441 3421 fere
460 3338 508 3416 ad
527 3332 953 3415 felicitatis.curnulum
972 3333 1255 3418 defiderabatur
1270 3358 1411 3451 praeter
1430 3339 1543 3423 rodo·

360 3497 492 3551 amr:
523 3466 641 3546 Hanc
662 3465 739 3546 rite
754 3467 992 3577 comprecati
1007 3495 1088 3549 non
1106 3486 1188 3550 tarn
1204 3474 1411 3580 querimur
1431 3500 1540 3585 erep-

361 3599 520 3683 tamilli
540 3600 677 3692 vitam,
708 3626 829 3707 quam
859 3600 1202 3685 immortalitatem
1234 3604 1425 3688 donatam
1457 3633 1541 3717 gra·

362 3733 563 3979 lllllssldbr
580 3852 664 3936 sane
684 3880 747 3949 ne,
767 3850 808 3949 fi,
828 3880 914 3961 quae
926 3851 1221 3965 eremitam
1235 3858 1372 3954 sentio,
1393 3860 1540 3972 lingula

360 4011 687 4107 commemorem,
715 3987 757 4075 in
774 3987 985 4072 mollitiem
1003 3987 1119 4097 plane
1138 3994 1377 4076 muliebrem
1396 3995 1540 4078 deflue·

252 4210 253 4215 a
361 4145 423 4213 ret
442 4122 579 4214 oratio.
611 4124 756 4232 Itaque,
770 4122 878 4208 milla
895 4122 1046 4241 facieno
1060 4123 1146 4207 brec
1162 4128 1376 4221 domestica
1394 4132 1438 4213 de
1456 4131 1539 4242 qui·

361 4264 457 4347 dem
475 4259 634 4355 leviora,
662 4262 709 4342 ad
736 4288 782 4341 ea
806 4253 949 4377 potine,
977 4289 1063 4373 quae
1091 4267 1255 4356 adrem
1283 4297 1538 4355 communem

361 4398 575 4526 prditum»
603 4396 779 4495 transe03
807 4398 848 4479 dt
868 4413 1058 4514 tanquam
1075 4398 1234 4513 publica
1253 4428 1349 4489 roce
1365 4405 1536 4515 gratula-

1391 4556 1537 4621 nonem
