3509 5175
747 354 1168 620 lost
1423 439 1426 442 ’

369 687 412 740 re
427 673 515 744 nota
532 660 679 742 variam
696 661 740 744 δι’
757 658 1017 768 multiformem
1038 657 1215 769 permulta
1227 667 1417 770 genero&
1425 665 1539 780 specie

369 797 534 909 do‘sereta,
562 798 775 895 Vernaculo,
800 800 957 898 latina,
986 804 1147 884 Grata:
1175 829 1217 881 en
1242 801 1449 910 linguarum
1462 809 1538 919 stili

287 932 294 952 ⁸
369 940 539 1050 metrique
555 939 803 1046 diversitatem,
832 966 910 1048 qua
924 936 1055 1045 fizltem
1071 937 1199 1045 legenti
1213 939 1359 1022 tadinm
1375 942 1538 1044 minuere,

367 1077 433 1157 nel
440 1074 575 1182 forsan
591 1101 735 1158 acumen
750 1073 916 1158 criticum
933 1103 999 1156 non
1012 1073 1163 1182 frustra
1182 1103 1341 1158 erucem
1356 1083 1542 1186 potnerit!

393 1208 395 1217 ’
425 1208 635 1322 Quinetiam
650 1209 711 1293 boc
727 1238 857 1294 nucum
881 1209 1022 1320 deniqne
1049 1208 1263 1318 recognofee3
1297 1231 1415 1322 nempe
1440 1221 1541 1324 quom

361 1349 476 1458 pauci
492 1351 533 1433 in
544 1349 604 1430 hoc
605 1349 816 1460 scriptionis
827 1367 956 1460 genere
969 1346 1185 1459 praclarum
1197 1349 1337 1459 aliquid
1344 1349 1541 1462 ffcerint:

369 1513 415 1564 ex
431 1513 494 1595 qno
510 1485 604 1568 illius
621 1488 826 1568 difficultas
852 1481 1085 1592 intelligatur.
1139 1485 1242 1594 Qid
1256 1489 1416 1568 'auteml
1441 1491 1544 1596 sorte

370 1621 533 1731 inquies:
566 1637 594 1676 “
607 1622 691 1732 inest
706 1619 848 1732 grande
864 1617 977 1714 dolori
996 1619 1194 1738 ιἰιςιιιιίιιιι,Ἰ
1213 1623 1258 1704 &⁷
1274 1622 1370 1704 mira
1387 1625 1544 1736 quadam

372 1761 402 1806 ⁸‘
410 1755 674 1864 sententiarum
690 1755 734 1834 ld
752 1751 941 1834 verborum
958 1755 1056 1864 copia
1067 1793 1080 1850 3
1118 1781 1223 1862 neque
1241 1755 1422 1863 Scriptori
1437 1755 1543 1864 faci-

369 1889 485 1970 “lior
501 1890 546 1972 ξι
564 1889 736 1998 paratior
753 1887 829 1995 nlla
852 1887 999 1972 videtur
1021 1885 1097 1968 lons
1120 1915 1224 1996 qnam
1244 1887 1284 1967 in
1308 1888 1418 1996 coscsa
1429 1887 1544 2001 hujus-

373 2037 400 2076 “
412 2025 516 2122 modi,
546 2027 585 2106 in
602 2054 671 2136 quo
689 2023 831 2136 difficile
847 2027 894 2141 est
921 2022 1055 2107 omnino
1074 2049 1152 2105 nors
1160 2020 1430 2135 stridere;’'-
1442 2029 1544 2108 Itane

370 2159 493 2240 vero?
519 2175 561 2240 ot
589 2156 793 2268 experiendo
810 2181 941 2236 mecum
955 2181 1028 2234 una
1038 2157 1187 2264 senties,
1208 2158 1248 2237 in
1266 2186 1336 2268 qua
1352 2185 1393 2236 re
1408 2157 1545 2238 animus

369 2288 604 2372 vehementius
612 2306 854 2384 commovetur,
868 2288 909 2369 in
926 2316 967 2368 ea
985 2310 1090 2397 quam
1107 2287 1300 2399 dffcilepl
1314 2287 1545 2401 inscribendo

370 2422 507 2514 modum
529 2439 655 2503 tenere.
698 2423 823 2530 Itaque
846 2447 929 2526 ergo
958 2436 1034 2500 tam
1052 2419 1165 2529 pauci
1195 2419 1239 2533 id
1265 2421 1388 2531 ippum,
1421 2419 1545 2531 inquo
1583 2415 1584 2492 l

357 2555 566 2666 scriptionis
581 2585 673 2643 vera
690 2557 765 2637 laos
781 2539 990 2651 continetur,
1018 2555 1230 2663 attigerunt.
1272 2549 1463 2669 Utrobique
1469 2559 1544 2669 sai-

369 2688 453 2771 licet
480 2688 647 2798 objicitur
673 2686 860 2797 descrimen
889 2704 1025 2795 anceps,
1062 2688 1108 2771 id
1135 2688 1306 2799 peccandi
1338 2690 1545 2801 perictdnm.

369 2824 544 2909 Delicata
571 2822 731 2934 quadam
758 2850 814 2900 res
840 2820 1026 2931 estagrit
999 2820 1106 2921 tudo3
1134 2820 1231 2904 nihil
1247 2815 1440 2923 mediocri,
1461 2822 1584 2907 nihil

370 2957 522 3072 uulgare
537 2957 666 3078 recipit
674 2956 895 3067 patiturve:
921 2955 1034 3068 ipsts
1017 2986 1057 3039 sn
1075 2954 1327 3087 taciturnitate
1342 2952 1451 3112 nescio
1468 2936 1584 3080 quid

319 3092 326 3111 '
372 3091 642 3202 supernorum
653 3093 810 3207 spierat
850 3094 1048 3205 aliquando
1054 3099 1163 3180 etiarn
1181 3100 1222 3179 in
1245 3092 1403 3210 querelas
1414 3091 1584 3196 ''teneri-

371 3262 447 3315 ores
458 3233 521 3342 sol
516 3264 556 3315 vr
551 3232 721 3343 gaudet,
749 3234 830 3315 &l
824 3262 985 3345 acrymas
1001 3232 1097 3317 elicit
1115 3238 1367 3335 simonideas‚·
1393 3216 1584 3373 motolo

371 3400 447 3480 apos
462 3359 591 3468 ιὶιιιιιι,
601 3366 693 3479 stabi
692 3366 923 3475 leguraliam,
943 3366 1203 3495 tristitiamque
1210 3371 1274 3453 tot
1270 3346 1392 3454 cedine
1397 3322 1584 3489 quadam
1583 3424 1584 3489 q

371 3521 615 3612 temperatam.
659 3504 835 3711 Equidem
854 3542 890 3585 τι
908 3486 1111 3603 monimina,
1131 3538 1175 3589 ve
1176 3509 1244 3589 luti
1262 3509 1367 3591 totius
1383 3510 1548 3609 animam,

373 3636 498 3745 ubique
514 3634 690 3725 dominari
708 3636 842 3734 velim3
881 3665 942 3718 nec
959 3638 1072 3719 minus
1088 3638 1236 3731 interim
1249 3626 1336 3756 stili
1353 3640 1549 3763 castitatem

373 3770 418 3851 [tl
437 3764 686 3850 continentiam
702 3766 878 3876 quandam
894 3758 1077 3878 servari:
1103 3769 1159 3853 &²
1176 3774 1335 3881 profietlo
1352 3754 1452 3856 houd
1458 3792 1584 3895 pau-q

374 3902 446 3985 lum
470 3898 624 4009 intereffe
651 3900 772 4008 rufio,
796 3929 845 3980 an
873 3930 918 3981 ex
945 3902 1061 3985 animo
1078 3905 1208 4003 omnia,
1238 3923 1279 3987 ut
1290 3904 1380 4020 sert
1406 3925 1549 4003 notura,

359 4038 503 4146 sacius,
528 4066 577 4118 an
594 4035 636 4133 de
654 4034 841 4150 industria.
885 4034 1001 4118 Dolor
1018 4036 1128 4143 filius
1150 4040 1194 4123 δι’
1211 4033 1397 4151 officiatus
1414 4034 1550 4152 spiritu

368 4172 501 4280 poetico
518 4189 558 4252 ut
570 4170 764 4281 plurimum
783 4161 997 4277 dqlituitnr,
1018 4200 1139 4252 rerum
1156 4172 1311 4255 evanida
1328 4172 1473 4287 languet
1489 4172 1549 4255 ad·

376 4300 565 4399 umbratio,
591 4302 636 4383 δι’
654 4302 803 4384 nimium
822 4301 996 4413 castigata
1006 4303 1136 4413 friget
1154 4302 1351 4419 descriptio.
1398 4309 1456 4388 At
1475 4330 1551 4385 vero

376 4435 492 4515 alteru
512 4463 556 4517 ex
567 4452 675 4563 porte
693 4434 996 4566 Dolor—genuinus
1019 4436 1100 4547 plus
1121 4470 1216 4553 aquo
1234 4442 1429 4527 exuberare
1451 4438 1550 4551 gestit

1394 4568 1551 4681 latiusque
