3509 5175
623 436 655 577 [
733 446 829 571 169
900 436 944 585 ]

201 668 348 749 tionem
367 644 541 779 quaeritr·
555 643 647 748 stiae
663 663 847 749 adeohoc
867 642 933 747 me
952 658 1082 745 feciss'e
1095 662 1250 745 sedulo:
1275 662 1382 751 haud

201 807 289 885 sane
320 801 461 883 laboris
493 799 656 907 alicujus
686 799 882 880 devitandi
909 798 1020 881 causa
1049 797 1187 906 (sentio
1212 803 1380 884 enimet

202 934 332 1027 istum,
359 935 431 1044 qui
448 930 512 1013 his
527 932 686 1041 argutiis
699 932 951 1042 impenditur,
971 928 1077 1011 haud
1089 931 1241 1041 prorsus
1254 930 1382 1017 frunn

202 1066 265 1145 suo
294 1063 479 1173 destitui)
508 1090 634 1175 neque
662 1090 749 1145 vero
768 1090 843 1173 pra
864 1063 1082 1173 arrogantia
1100 1080 1168 1143 aut
1189 1060 1383 1146 fastidioso

203 1220 330 1277 rerum
349 1221 537 1278 novarum
555 1194 694 1288 studio,
715 1195 780 1276 sed
799 1190 1007 1274 hominum
1030 1196 1275 1303 quorundam
1292 1226 1381 1279 vere

201 1322 428 1402 criticorum
455 1319 660 1399 autoritate
688 1318 803 1398 fimul
835 1318 875 1395 dc
907 1320 1099 1399 rationum
1119 1317 1193 1399 hac
1214 1322 1254 1399 in
1271 1341 1380 1429 parte

203 1454 501 1562 graviffimarum
535 1474 740 1535 momento
771 1454 1017 1533 adductum:
1064 1456 1103 1533 do
1138 1482 1183 1533 ea
1215 1457 1379 1563 quidem

202 1608 349 1682 mente,
370 1609 427 1681 ut,
446 1615 524 1696 qua
537 1584 595 1675 fas
609 1586 678 1680 est,
698 1585 913 1695 scriptionis
928 1588 1093 1695 antiqua
1109 1587 1233 1667 verior
1245 1586 1380 1683 facies,

202 1723 240 1801 dc
259 1722 489 1831 syllabarum
507 1721 550 1801 in
569 1720 735 1803 dicendo
753 1719 923 1828 genuina
939 1720 995 1801 'vis
1011 1718 1220 1801 conservari
1241 1721 1377 1829 posfit;
1396 1770 1398 1775 ·

202 1877 318 1969 atque
337 1860 434 1941 adeo
456 1857 621 1941 utristius
639 1846 944 1967 drodinpoeadier,
973 1858 1027 1949 dc,
1056 1885 1140 1966 qnae
1159 1858 1297 1939 exinde
1315 1886 1382 1941 or·

202 2020 239 2083 ta
259 2001 415 2110 jamdiu
443 1999 678 2091 inveteravit,
708 1998 1029 2106 pronuntiationis
1056 1996 1197 2077 vitiosae
1219 2000 1380 2081 consue·
1429 2048 1432 2053 ·

202 2139 293 2219 tudo
326 2136 515 2247 paulatim
550 2134 730 2243 abrogata
759 2132 1001 2213 exolesceret.
1056 2133 1272 2243 Utcunque
1290 2164 1382 2217 vero

202 2274 458 2353 intermortua
477 2266 526 2347 ab
546 2268 707 2347 interitu
724 2291 914 2357 revocare,
944 2283 1009 2346 aut
1029 2265 1218 2347 vetustate
1236 2266 1381 2377 dilapsa

203 2402 242 2483 in
273 2404 473 2511 integrum
491 2400 626 2480 omnia
646 2396 840 2479 restituere
857 2408 939 2477 'non
960 2397 1089 2491 liceat,
1118 2418 1157 2479 at
1176 2418 1278 2481 certe
1296 2401 1383 2481 lau·

203 2536 257 2618 dis
277 2535 353 2622 erit
370 2561 448 2616 non
468 2531 611 2614 infimae
629 2532 670 2613 in
691 2529 912 2640 hujusmodi
932 2532 1250 2641 disquisitionibus
1266 2535 1314 2618 ad
1325 2537 1382 2617 rei

204 2671 405 2752 veritatem
423 2666 634 2776 aliquando
651 2663 807 2778 propius
827 2663 1030 2746 acceffisse:
1052 2684 1091 2747 at
1107 2665 1241 2748 saltem
1259 2667 1383 2750 levius

204 2826 361 2908 peccare
388 2797 594 2904 minusque
620 2793 723 2874 inter
752 2793 902 2874 Graecos
919 2789 1129 2911 βαςζαςιζειν
1147 2793 1382 2890 videbimun

200 2931 265 3038 qui
274 2931 419 3038 linguae
429 2928 626 3038 pristinam
635 2928 921 3040 [implicitatem
932 2928 1180 3038 redintegrari
1191 2930 1383 3028 volumus,

203 3091 324 3172 quam
352 3061 414 3144 isti
441 3061 667 3156 literatore'e,
693 3061 763 3169 qui
783 3061 985 3170 operosum
1004 3059 1130 3144 isthoc
1151 3084 1386 3146 accentuum

205 3194 414 3278 artificium
438 3195 671 3288 invexerint,
699 3196 768 3304 qui
787 3221 887 3278 nova
908 3195 1085 3304 quaedam
1102 3197 1222 3306 dgna,
1251 3197 1382 3288 sonos·

204 3361 279 3443 que
297 3333 456 3416 auribus
474 3331 623 3416 Atticis
642 3332 753 3444 plane
771 3333 938 3443 ignotos,
961 3333 1062 3414 ultro
1076 3335 1250 3440 citroque
1269 3334 1382 3416 affix-

202 3468 318 3560 erint,
344 3467 400 3561 &,
427 3465 582 3548 licentia
598 3465 817 3576 ,plusquam
834 3463 986 3575 poetica
1005 3462 1124 3558 abufi,
1154 3463 1271 3572 longa
1290 3490 1380 3548 cor-

206 3599 409 3712 ripuerint,
436 3599 567 3684 brevia
583 3597 848 3711 produxerint,
865 3599 1076 3706 incongrua
1095 3598 1258 3680 demum
1272 3623 1385 3681 com·

205 3734 413 3844 posuerint,
438 3734 480 3814 dc
509 3765 621 3852 pergae
637 3761 785 3850 αμιτςιν,
816 3726 927 3842 ῥυθμοι
948 3726 1097 3842 mindun
1125 3727 1384 3814 exhibuerint.

207 3917 260 3938 -·
272 3870 397 3954 Haud
411 3892 517 3956 certe
527 3873 641 3956 vide'o
654 3872 751 3982 qnid
768 3867 878 3953 aliud
890 3867 1064 3951 effecerit
1078 3869 1161 3952 bac
1175 3866 1304 3952 nostra
1319 3894 1385 3948 ac-

206 4025 390 4088 centuum
409 4023 493 4087 tam
507 4003 743 4086 inconcinna
760 3999 1041 4112 pronuntiatio.
1146 4047 1149 4055 ·

259 4140 392 4222 Sentio
413 4137 600 4249 equidem
616 4138 660 4218 in
684 4133 936 4246 questionem
960 4161 1025 4218 me
1049 4131 1134 4239 jam
1163 4129 1335 4223 incidiffe
1365 4161 1388 4214 a

209 4277 487 4364 Grammaticis
505 4280 575 4364 diu
600 4277 856 4388 multumque
874 4277 1088 4386 agitatame
1119 4270 1168 4352 de
1193 4299 1270 4383 qua
1297 4273 1388 4382 qui·

209 4409 300 4496 dem
319 4439 448 4526 neque
467 4412 581 4510 nihil,
608 4435 735 4522 neque
752 4407 841 4493 sane
857 4407 983 4496 multa
1005 4405 1104 4542 libet
1122 4402 1258 4490 dicere.
1305 4409 1389 4490 Ac-.

806 4545 848 4632 Y
1047 4561 1051 4572 ⁴
1151 4557 1155 4565 “
1200 4560 1391 4627 centuum
