3509 5175
559 314 1002 556 siml·

195 633 340 746 spicua,
368 631 538 732 neruosa,
566 638 866 722 &audientium
895 639 1030 751 captui
1059 644 1365 729 aecommodata.

199 769 291 850 Hac
308 771 350 850 in
367 790 475 883 parte
494 797 630 855 omnes
657 772 803 881 ingenii
832 800 967 854 nervos
987 773 1187 858 intendisse
1206 776 1368 858 videba-

198 917 295 994 tur;
323 928 450 1012 neque
476 902 561 982 sane
587 901 736 986 frustra.
778 903 1092 990 Praeleslionibus
1122 905 1226 988 hisce
1254 907 1370 986 Cate-

199 1032 363 1116 cheticis
381 1034 566 1143 frequens
579 1034 760 1131 Auditor,
780 1037 820 1117 dc
834 1038 993 1147 quidem
1006 1039 1153 1133 doctus,
1173 1036 1350 1122 interfuit
1356 1074 1370 1132 ;

201 1187 320 1278 atque
339 1169 409 1261 ita,
437 1186 481 1249 ut
509 1168 628 1249 etiam
656 1168 749 1272 inde
777 1168 929 1249 doctior
959 1169 1179 1252 discederet.
1236 1169 1393 1282 Distio¹

200 1301 472 1410 temperata&
490 1298 695 1382 flexanima
713 1301 754 1380 in
773 1299 984 1382 hominum
1002 1302 1128 1384 sensus
1157 1304 1196 1383 dc
1223 1301 1372 1410 judicia

202 1434 300 1514 mire
318 1433 504 1514 influebat
515 1469 528 1527 3
559 1435 614 1514 ita
644 1452 688 1515 ut
706 1436 997 1522 exercitationes
1015 1433 1126 1522 hasce
1147 1433 1373 1524 Catecheti-

201 1593 265 1646 cas
283 1569 402 1646 etiam
421 1569 546 1676 gratia
563 1568 758 1677 popularis
777 1569 1035 1654 comitaretur.
1084 1570 1167 1675 Qi
1191 1568 1373 1678 Reipub-

201 1700 286 1782 licae
303 1703 343 1780 dc
362 1702 578 1810 Religionis
596 1699 823 1783 Christiana
842 1703 1082 1786 incremento
1115 1701 1212 1784 bene
1238 1701 1370 1810 cupio,

202 1836 309 1918 idem
328 1837 446 1947 cupio
465 1856 509 1917 ut
522 1836 771 1924 Catechetica
789 1836 873 1918 haec
893 1823 1090 1942 disciplina
1109 1864 1234 1945 neque
1251 1835 1374 1944 gratia

202 1996 330 2080 neque
347 1969 494 2050 honore
513 1989 652 2064 careat,
681 1972 745 2054 sed
764 1970 1005 2081 frequentior
1026 1972 1143 2080 usque
1169 1993 1285 2080 atque
1307 1998 1374 2050 ac-

202 2107 353 2216 ceptior
368 2106 411 2184 in
429 2103 601 2201 Ecclesia
625 2107 866 2191 celebretur:
908 2126 1028 2216 utque
1060 2109 1156 2188 adeo
1190 2105 1373 2190 Sacerdos

202 2242 369 2352 quilibet
387 2241 606 2322 Paroecialis
624 2270 703 2324 non
722 2241 808 2324 satis
836 2241 978 2323 habeat
1006 2244 1047 2323 in
1076 2242 1202 2322 rostris
1232 2241 1373 2325 trium·

201 2373 325 2484 phare
352 2350 614 2454 Concionator
640 2374 929 2468 celeberrimus,
958 2375 1020 2456 sed
1050 2375 1215 2482 gaudeat
1243 2365 1397 2482 potius¹

202 2506 280 2595 hoc
300 2505 526 2590 Cateehistae
544 2510 673 2593 officio
691 2511 771 2609 suo,
799 2511 987 2593 studiosus
1005 2511 1114 2591 sacrae
1132 2509 1281 2621 pagina
1300 2511 1371 2591 In-

202 2624 362 2753 terpres,
400 2644 475 2723 five
507 2644 689 2752 dogmata
719 2671 937 2753 proponens
971 2643 1254 2767 explicansque,
1293 2642 1369 2725 five

202 2783 360 2893 pietatis
387 2800 575 2892 praecepta
601 2783 742 2864 animis
770 2783 963 2863 infinuans
983 2782 1041 2862 vel
1062 2782 1277 2875 inculcans,
1306 2808 1372 2860 ea-

203 2916 298 3001 dem
315 2941 431 3023 opera
447 2914 506 2995 lac
526 2914 750 3007 infantibus,
781 2914 894 2995 sunul
922 2916 962 2993 dc
991 2913 1130 2993 adultis
1157 2912 1271 2991 cibos
1301 2910 1371 2991 fir·

201 3048 360 3141 naiores,
379 3046 661 3127 administrans.
703 3048 801 3126 Haec
823 3074 910 3127 vera
930 3045 1002 3125 erit
1020 3042 1217 3149 Theologi
1236 3038 1372 3169 Cirris-
1452 3154 1453 3159 Ν

201 3188 300 3267 tiaui
329 3187 429 3278 laus,
469 3188 645 3295 populari
676 3188 786 3267 omni
815 3185 945 3293 plausu
977 3185 1090 3289 longe
1121 3180 1371 3291 praestantior.

202 3298 410 3422 Qantum
437 3318 511 3399 hac
539 3321 581 3399 in
607 3337 715 3427 parte
740 3318 841 3399 effici
851 3316 1042 3427 potuerit,
1071 3314 1196 3393 noster
1214 3310 1284 3391 llle
1301 3338 1390 3397 eir-⁴

203 3451 338 3561 emplo
356 3451 422 3530 suo
439 3452 767 3546 commonstravit,
796 3453 902 3560 quod
927 3451 1053 3559 ipsum
1082 3449 1121 3526 du
1141 3446 1281 3555 posteri
1301 3442 1373 3525 ali-

203 3582 362 3692 quando
381 3582 600 3689 agnoscent,
630 3610 754 3692 quum
774 3582 944 3691 Systema
962 3578 1038 3661 hoc
1058 3573 1371 3669 Catecheticum,

203 3717 311 3825 quod
330 3743 490 3825 operum
510 3715 840 3825 Theologicorum
860 3717 1090 3826 palmarium
1115 3713 1187 3793 effe
1210 3712 1371 3820 deputo,

203 3849 381 3957 publicos
398 3850 439 3928 in
454 3851 541 3929 usus
562 3848 1117 3959 prodlerit.-Haec·deips1us
1136 3843 1317 3942 Oratoria
1331 3843 1371 3921 dc

204 3986 449 4095 Theologica
466 3967 648 4069 facultate
667 3990 831 4089 breviter
850 3989 954 4068 dicta
972 3988 1096 4067 sunto.
1339 3983 1343 3991 ’

259 4120 350 4228 Age
368 4147 470 4215 vero,
492 4122 660 4203 eundem
678 4122 762 4228 jam
782 4120 1023 4231 Episcopum
1040 4116 1140 4206 vide,
1160 4112 1371 4193 virtutum·

204 4280 285 4361 que
301 4252 457 4337 laudem
476 4253 590 4337 fimul
607 4280 700 4337 cum
718 4251 930 4335 honoribus
959 4279 1034 4334 una
1052 4246 1367 4332 succrescentem.

1116 4378 1371 4465 Bristolieuses
