3509 5175
787 353 1101 576 [3081

714 877 1082 1022 Laeron
1152 879 1237 1009 8.,

516 1201 614 1283 ON
633 1200 757 1287 dubito
774 1205 872 1308 sore
891 1205 1094 1318 plerosque,
1128 1201 1197 1312 qui
1222 1195 1379 1286 leviaret
1406 1203 1555 1314 ingenii

446 1395 449 1400 -
519 1331 789 1444 juvenffccntis
806 1338 904 1442 laesus
923 1337 1095 1420 libentius
1114 1337 1306 1446 excipient,
1334 1364 1448 1443 quam
1467 1355 1549 1446 ope·

371 1489 507 1543 rorora
536 1466 600 1546 illa
619 1467 662 1548 ὅ
681 1467 886 1561 elaborata,
920 1497 1000 1579 quae
1031 1467 1220 1551 meditatio
1233 1457 1377 1579 severa
1395 1467 1551 1551 extude-

362 1610 469 1675 ·rat.·
499 1594 620 1700 juxta
639 1599 895 1680 Horatianum
914 1596 1017 1690 illud,

427 1767 558 1876 Dffcit
578 1772 670 1854 enim
689 1773 812 1868 citius,
840 1758 1069 1882 mbmrnitque
1087 1773 1259 1855 libentius
1277 1773 1380 1868 illud,
1426 1883 1429 1890 Ι

429 1913 537 2025 Qud
552 1917 632 2030 quis
648 1918 802 2017 deridet,
831 1949 939 2032 quam
958 1919 1056 2031 qnod
1060 1920 1201 2031 probat
1221 1921 1265 2001 ft
1283 1940 1515 2006 veneratur.
1595 1910 1596 1961 ³

374 2137 526 2234 Illorum
550 2137 674 2253 itaque
700 2145 878 2250 destdcriis
894 2159 936 2224 ut
952 2143 1082 2256 aliqud
1094 2175 1141 2227 ex
1159 2162 1277 2258 parte
1289 2142 1549 2254 statisfaciam,

365 2290 491 2382 pauca
509 2277 671 2387 quadam
690 2281 729 2364 in
747 2283 814 2402 boc
826 2282 1048 2390 scriptionis
1060 2312 1196 2391 genere
1211 2283 1325 2392 proln
1369 2311 1465 2362 uum
1484 2311 1549 2363 ex-

374 2409 490 2517 empla
501 2407 650 2515 prodire
662 2413 806 2524 patior,
828 2440 909 2524 qua
926 2411 1041 2524 cupio,
1062 2428 1104 2492 ut
1118 2411 1190 2494 tibi
1198 2415 1375 2524 placeant
1392 2414 1548 2518 legenti,

369 2539 523 2649 perinde
556 2573 604 2627 oc
631 2545 718 2627 olim
744 2545 836 2629 mibi
857 2547 1081 2657 placuerant
1107 2545 1306 2656 scribenti.
1366 2546 1548 2653 Profitlo
1596 2597 1598 2713 1

373 2676 552 2785 Epssolas
565 2678 811 2787 scribentium
830 2699 904 2791 pro
917 2681 1207 2787 familiaritate}
1221 2679 1314 2787 jure
1331 2680 1461 2789 Stylus
1477 2678 1550 2789 epse
1596 2716 1598 2775 2

373 2808 557 2893 licentiam
590 2811 772 2921 quandam
790 2811 874 2915 fibi
901 2809 1086 2924 indulgeri
1109 2812 1278 2921 postulat.
1325 2816 1479 2895 Scilicet
1511 2816 1548 2897 in
1596 2776 1598 2845 l

374 2946 574 3055 hujusmodi
589 2948 793 3029 commercio
809 2946 1005 3053 familiari
1020 2948 1170 3030 liberior
1182 2950 1230 3057 sc
1248 2946 1546 3059 effimditspiri·

374 3108 437 3204 tus
447 3122 460 3179 ς
499 3088 543 3167 Cb
561 3086 645 3168 dum
656 3087 736 3193 fibi
763 3089 868 3169 unice
879 3087 1035 3199 ficisque
1059 3089 1208 3197 placere
1231 3105 1432 3198 properat,
1463 3114 1547 3165 ora·

373 3226 483 3309 tionis
498 3244 681 3321 ornatum,
703 3224 746 3304 ξεῖ
763 3224 1143 3337 Criticorumfastidia
1162 3223 1279 3305 minus
1298 3244 1424 3305 curat.
1455 3226 1548 3305 Hac

323 3428 332 3447 .
373 3360 460 3441 adeo
476 3359 574 3439 levia
594 3358 638 3439 ld
657 3359 805 3441 innocue
817 3360 962 3441 ludicra
977 3362 1116 3443 Lector
1129 3358 1441 3466 benignusfacile
1460 3386 1544 3438 con·

374 3492 535 3585 donabit,
564 3494 608 3575 Cb
622 3491 782 3602 sortaffi’
800 3522 869 3575 non
889 3493 1034 3573 inuitus
1051 3489 1213 3599 arripiet
1231 3488 1434 3597 descripta,
1468 3515 1543 3598 qua

373 3630 428 3711 ad
436 3631 483 3736 se
493 3628 644 3738 ficosque
664 3628 874 3733 transferri
888 3623 985 3736 poffl’
1003 3625 1155 3707 viderit.

430 3764 500 3845 Me
519 3760 656 3871 qur'dem
683 3759 840 3865 antiqua
867 3759 946 3839 bac
972 3774 1219 3867 recoquentcm
1242 3754 1349 3835 baud
1366 3750 1483 3863 piget
1506 3752 1543 3829 in

369 3892 569 4001 praeterita
588 3898 809 3975 retro-atla
825 3892 951 3972 atatis
960 3892 1095 4001 spatia
1122 3889 1256 3983 redire,
1286 3889 1331 3968 &l
1348 3918 1395 3967 ea
1406 3887 1543 3997 praci-

367 4051 453 4143 pne‚
474 4058 554 4142 qua
564 4030 791 4123 Amicorum,
805 4059 892 4140 qnos
907 4032 1015 4141 usque
1032 4031 1160 4111 merito
1180 4026 1399 4132 cbarffmos
1416 4023 1537 4117 babai,

372 4166 577 4247 memoriam
595 4180 800 4253 revocant3
831 4188 909 4241 cum
923 4162 1035 4242 '‘nibil
1050 4159 1173 4273 potius
1196 4160 1339 4251 vellem,
1369 4188 1483 4269 quam
1500 4176 1539 4239 ut

372 4318 504 4379 extare
516 4296 631 4404 poffit,
663 4314 741 4375 tum
761 4324 852 4402 ergo
872 4293 1047 4375 Viventes
1061 4292 1330 4386 benevolentia,
1359 4297 1444 4373 tum'
1457 4320 1540 4399 crgo

371 4435 544 4517 Mortuob
556 4418 713 4543 pictatio
732 4460 817 4517 mea
837 4431 1083 4541 testimonium.
