3509 5175
640 416 929 558 [25³]

201 642 297 724 laris
313 644 355 725 δι
370 640 518 752 ingenii
535 660 842 727 monumentum
860 640 966 723 haud
985 642 1083 738 leve,
1097 645 1191 752 'qua
1209 639 1381 752 philoso-

201 779 281 888 phi
299 798 472 861 mentem
501 781 645 889 aperire
673 778 884 888 potuerint,
913 780 953 857 dr
981 779 1247 861 reconditioris
1275 778 1381 859 illius

205 911 394 990 doctrina
412 907 584 988 studiofis
602 906 767 987 subfidio
786 906 859 986 effe
877 908 917 986 δε
938 909 1175 1015 adjumento.

266 1043 395 1150 Siquis
413 1068 528 1150 porro
547 1068 612 1121 me
630 1041 671 1120 in
692 1040 935 1123 adhortando
954 1043 1241 1153 &increpando
1262 1039 1384 1120 nimia

205 1175 323 1258 usum
341 1177 505 1285 παρ’ῥησιᾳ
522 1175 726 1266 censuerit,
745 1174 851 1253 idem
863 1175 956 1256 sciat
974 1177 1023 1257 de
1043 1174 1214 1258 hominis
1233 1173 1384 1255 amicis·

206 1312 298 1392 frmi
315 1310 422 1390 fama
438 1309 651 1390 sollicitum
668 1334 738 1417 pro
757 1307 1031 1391 familiaritatis
1042 1309 1129 1416 jure
1149 1310 1263 1419 paulo
1282 1306 1385 1388 libe-

206 1449 289 1526 rius
309 1472 374 1524 me
393 1443 530 1553 egiffe3
571 1446 624 1538 de,
655 1471 702 1525 eo
723 1445 885 1555 quidem
904 1447 1077 1540 confine,
1107 1465 1165 1540 ut,
1195 1445 1265 1556 qui
1284 1442 1387 1524 forte

203 1576 431 1670 inciderint,
460 1578 603 1685 corrigi
633 1595 700 1658 aut
729 1575 897 1685 suppleri
927 1577 1076 1684 possent
1108 1574 1298 1681 defectus,
1327 1575 1386 1679 dc,

206 1737 299 1822 quae
317 1708 446 1817 postea
475 1709 539 1788 alii
568 1708 895 1817 reprehenderint,
927 1727 1053 1791 errata
1078 1710 1386 1821 comperirentur

206 1843 406 1954 pauciora.
445 1842 511 1920 Ad
531 1840 615 1920 haec
633 1841 725 1921 sciat
743 1841 891 1951 parcius
909 1838 994 1920 haec
1014 1838 1036 1920 ὲ
1054 1867 1118 1922 me
1136 1859 1268 1921 notata
1286 1839 1385 1933 fore,
1430 1881 1438 1912 ι
1464 1877 1467 1884 ·

208 1974 284 2055 nifi
312 1975 353 2054 in
382 1972 520 2054 eodem
547 1972 710 2054 homine
733 1975 843 2083 plura
858 1974 1096 2082 agnovissem
1114 1975 1318 2070 laudanda,
1347 1991 1387 2056 et

208 2107 317 2190 hanc
334 2109 725 2213 censuramnostram
744 2127 896 2188 tantum
914 2107 1072 2189 abfuisse
1090 2137 1112 2190 a
1130 2109 1387 2218 malignitate,

209 2263 408 2356 quantum
430 2243 478 2324 ab
498 2244 716 2326 adulatione
735 2245 872 2326 absunt
891 2246 1081 2331 encomia.
1267 2239 1270 2254 ’

270 2377 369 2457 Haec
385 2375 580 2487 praefanda
596 2378 703 2472 duxi,
732 2397 821 2458 tum
851 2396 897 2458 ut
925 2379 1052 2458 virum
1083 2378 1131 2463 de
1159 2375 1386 2482 Academia,

208 2515 264 2593 de
284 2510 501 2619 Republica
518 2508 685 2591 literaria
705 2507 803 2591 bene
826 2510 1012 2592 meritum
1034 2510 1227 2621 praeconio
1253 2507 1387 2591 debito

207 2643 519 2737 cohonestarem,
538 2661 625 2724 tum
646 2663 691 2727 ut
709 2643 935 2755 opusculum
955 2641 1044 2736 hoc,
1065 2660 1251 2751 tanquam
1270 2640 1387 2723 sobo·

208 2785 312 2873 lem,
333 2780 496 2859 Parente
510 2778 576 2857 suo
589 2779 782 2874 orbatum,
802 2776 968 2888 publicae
983 2776 1094 2857 Fidei
1113 2796 1228 2887 atque
1247 2775 1385 2861 Patro-

210 2916 321 2999 cinio
338 2912 665 3003 commendarem.
