3509 5175
637 419 925 570 [289]

193 661 388 772 dicoque3
410 633 626 748 victoriam,
646 654 795 764 ingenii
806 649 1036 734 luxuriantis
1051 647 1261 758 triumphis
1277 671 1366 728 orn·

195 791 312 872 nibus
344 789 461 893 longe
493 785 695 893 potiorem.
748 783 929 864 Profecto
961 781 1089 889 causas
1121 780 1368 886 prejudicare

197 941 265 1004 aut
276 923 317 1002 in
328 919 499 1030 partium
511 917 781 998 alterutrarum
790 915 961 998 favorem
979 918 1226 1025 propendere,
1248 918 1368 997 animi

197 1054 255 1134 est
272 1050 501 1160 impotentis
522 1069 587 1131 aut
606 1049 759 1156 iniqui:
804 1067 843 1128 at
872 1074 961 1127 vero
989 1047 1122 1126 omnia
1147 1047 1368 1128 examinare

200 1197 240 1274 dc
260 1189 507 1302 perpendere,
536 1191 576 1270 dc
602 1215 650 1266 ex
678 1208 839 1295 utraque
858 1206 964 1295 parte
987 1187 1133 1294 judicia
1151 1187 1368 1296 moderari,
1409 1302 1412 1306 ι
1517 1265 1524 1270 .

202 1329 294 1410 Hoc
322 1327 376 1408 est
406 1351 500 1405 verae
530 1323 766 1403 fortitudinis
797 1325 836 1401 dc
856 1322 1078 1430 prudentia,
1108 1325 1199 1406 Hoc
1217 1333 1369 1412 virtutis

201 1486 310 1569 opus.
353 1456 455 1536 Vide
485 1455 580 1533 adeo
611 1453 816 1560 disciplina
845 1453 1016 1547 salubris,
1047 1484 1165 1563 quam
1185 1462 1268 1570 Ipse
1289 1464 1373 1544 Sibi

202 1609 446 1704 praeceperat,
462 1587 661 1680 frustum,
691 1589 800 1668 illam
817 1615 972 1696 nempe,
988 1583 1106 1697 quarn
1120 1586 1369 1695 admiramur,

198 1731 338 1841 judicii
357 1727 674 1808 moderationem.
707 1723 823 1804 Nihil
841 1725 960 1832 igitur
977 1725 1027 1848 ab
1047 1728 1121 1807 Illo
1140 1747 1284 1814 temere
1302 1756 1371 1818 aut

203 1855 686 1969 intemperantereffusum,
694 1854 791 1935 nihil
801 1853 1036 1936 illiberaliter
1044 1858 1191 1941 dictum
1204 1863 1374 1947 facturn..

205 2020 280 2088 ve;
318 1991 382 2072 sed
402 1990 534 2072 omnia
553 2014 602 2067 ex
621 2013 731 2095 aequo
751 1987 948 2094 penfitata,
977 1988 1016 2065 dc
1033 1988 1200 2076 lenitatis
1220 2016 1373 2108 tempe·

206 2147 383 2211 ramento
401 2124 571 2236 quodam
589 2124 819 2231 praemunita
837 2123 876 2201 dc
892 2126 1175 2210 commendata.
1206 2131 1301 2215 Non
1321 2133 1376 2217 est

208 2265 342 2372 itaque
365 2259 471 2369 quod
497 2253 700 2366 quisquam
721 2255 868 2362 ingenii
888 2252 1095 2337 hebetioris
1114 2261 1244 2356 Illum,
1272 2265 1375 2348 &in

209 2394 461 2480 deliberando
482 2391 702 2483 tardiorem,
732 2389 950 2471 arbitretur.
993 2391 1088 2473 Erat
1117 2397 1292 2505 profesio
1313 2402 1377 2484 illi

211 2535 251 2617 in
270 2527 583 2644 perceptionibus
602 2526 701 2606 mira
729 2525 902 2606 celeritas
933 2525 973 2606 dc
1003 2529 1310 2639 comprehendo,
1337 2539 1379 2621 dc

213 2691 379 2749 acumen
397 2689 485 2744 vere
499 2660 681 2741 criticum
696 2695 708 2750 ς
737 2686 816 2739 non
835 2658 1081 2763 fastidiosum,
1091 2664 1185 2746 illud
1199 2670 1238 2746 dr
1252 2670 1381 2752 irrita·

212 2798 306 2891 bile,
333 2794 395 2875 sed
414 2792 571 2875 liberale
589 2794 629 2872 dc
644 2793 878 2898 ingenuum,
907 2794 947 2871 bc
966 2794 1132 2876 candore
1151 2801 1252 2879 miro
1274 2819 1381 2884 tcm-

213 2946 419 3043 peratum3
449 2926 504 3007 ita
522 2942 567 3005 ut
583 2922 698 3033 ipfius
718 2920 905 3015 dissensio,
926 2941 992 3005 aut
1011 2926 1130 3007 etiarn
1149 2930 1319 3026 censura,
1340 2934 1382 3015 in

215 3057 496 3145 adversantium
527 3053 751 3135 offenfiones
784 3055 1050 3165 invidiamque
1085 3061 1216 3141 minus
1247 3065 1382 3147 incur-

216 3216 332 3283 ruet.

272 3328 445 3411 Dicendi
471 3353 612 3439 genere
640 3326 871 3438 plerumque
898 3326 1080 3410 utebatur
1098 3328 1204 3413 haud
1222 3335 1383 3443 quidem

217 3462 483 3547 contentioso:
511 3462 576 3544 sed
595 3462 806 3571 disputanti
818 3489 904 3543 non
924 3462 1054 3543 deerat
1067 3463 1254 3547 subtilitas
1270 3470 1383 3553 scho-

216 3600 374 3693 lasticas
410 3600 562 3714 parcius
579 3617 817 3687 autemeam
837 3598 1027 3695 adhibuit,
1057 3622 1182 3709 quum
1203 3607 1383 3721 maluerit

219 3736 469 3852 populariter,
501 3735 777 3848 potiusquam
811 3733 1091 3845 Philosophice,
1126 3706 1329 3838 disserens
1342 3749 1385 3828 bc

220 3870 355 3953 omnia
373 3896 450 3950 non
472 3887 554 3950 tam
573 3868 620 3949 ad
638 3868 784 3977 ingenii
799 3867 855 3952 sui
869 3868 1177 3965 ostentationem,
1199 3902 1318 3982 quam
1335 3876 1385 3958 ad

224 4002 467 4087 audientium
485 3993 655 4110 orrohprr,
682 4001 849 4083 referret.

280 4135 347 4217 Ab
378 4135 594 4244 arrogantia
624 4153 777 4226 tantum
807 4135 946 4230 abfuit,
976 4152 1019 4217 ut
1040 4137 1161 4218 etiam
1180 4136 1311 4217 laudes
1330 4138 1389 4223 se-

228 4268 322 4353 dulo
340 4268 592 4351 dissimularet
610 4270 720 4351 suas:
750 4269 844 4351 adeo
859 4297 939 4350 non
953 4269 1099 4377 ingenii
1118 4290 1186 4349 aut
1205 4272 1391 4351 eruditio·

232 4407 293 4491 nis
311 4405 461 4495 samam
478 4406 675 4519 affcstans,
703 4427 771 4499 aut
788 4408 1004 4520 superbiam
1023 4394 1175 4495 sumens
1194 4407 1392 4519 quasrtam

861 4539 901 4647 9
924 4565 950 4630 o
1250 4540 1397 4629 meritis
