3509 5175
618 415 913 562 [223]
1136 414 1139 423 ’

228 1098 1325 1270 sUssExiENSE.

435 1541 690 1623 CORN.
754 1537 1008 1622 AEMIL.
1078 1537 1116 1618 S.

201 1979 335 2188 AB
354 1983 481 2062 Etnnn
501 1977 708 2085 digressum
726 1978 864 2060 itinere
885 1975 1086 2057 nansverso
1105 1978 1144 2056 in
1160 1976 1367 2088 Stffxiem,

330 2115 504 2196 avocavit
522 2109 733 2220 fignificata
750 2137 819 2218 per
838 2112 966 2189 literas
991 2129 1197 2218 parentum
1217 2111 1369 2191 adversa
1422 2117 1425 2125 '

196 2254 384 2334 valetudo.
425 2250 538 2330 Eheu
555 2232 567 2328 !'
593 2252 681 2330 satis
696 2251 922 2330 morborum
943 2247 1054 2330 affert
1072 2250 1243 2330 fenestras
1262 2251 1366 2360 ipsa:

198 2390 252 2468 bis
272 2389 415 2483 miseri,
445 2387 587 2496 quibus
608 2388 713 2466 aliud
733 2386 920 2494 quiddam
938 2385 1090 2494 insuper
1110 2386 1259 2466 accedit
1279 2413 1368 2466 ma-

199 2521 246 2602 li!
284 2521 403 2603 Facie
434 2521 553 2629 igitur
587 2521 634 2599 ad
653 2521 870 2602 ,meridiem
901 2519 1101 2613 conversa,
1142 2520 1370 2629 progredior

198 2653 293 2734 lente
332 2652 515 2733 festinans
546 2653 680 2745 viator,
721 2652 870 2760 patiens
911 2653 1079 2760 pulveris
1105 2662 1237 2761 'atque
1268 2654 1369 2733 solis·

199 2788 337 2870 Comes
365 2786 471 2869 adest
499 2804 588 2869 tuus
615 2788 681 2869 ille
710 2788 895 2896 meusque
924 2785 1175 2893 Jehannnlus.
1234 2790 1369 2897 Atque

199 2921 286 3001 adeo
310 2946 380 3030 per
403 2921 556 2999 viarum
583 2919 700 3012 invia,
729 2947 798 3029 per
824 2920 1003 2999 locorum
1029 2920 1136 2998 culta
1163 2936 1282 3027 atque
1302 2898 1369 2999 i'n'-·

197 3054 308 3148 culta,
331 3055 379 3133 ·&
405 3051 472 3130 illa
499 3050 660 3159 quidem
686 3047 869 3128 Bucolica
888 3050 1011 3157 magis
1030 3077 1149 3159 quam
1169 3052 1370 3161 Georgica

202 3188 375 3295 (teneant
406 3180 600 3292 hominestte
609 3182 775 3285 serane,
805 3181 1004 3285 incertum)
1032 3184 1090 3274 ἃ,
1106 3184 1211 3291 quod
1229 3184 1270 3264 in
1289 3185 1371 3266 solo

201 3318 403 3430 Suffixienst
420 3318 509 3425 jure
523 3317 689 3409 mireris,
710 3343 779 3423 per
796 3317 965 3426 pulveris
984 3315 1079 3409 hinc
1100 3318 1190 3397 inde
1208 3320 1371 3429 conglo-

200 3452 332 3535 merati
363 3449 523 3533 nebulas
551 3449 743 3558 sequaces,
772 3448 875 3555 sylva
904 3450 1069 3559 denique
1093 3449 1289 3534 Anderida
1316 3480 1367 3535 ex

199 3586 356 3699 oblique
382 3601 594 3694 peragrata,
622 3580 692 3661 sub
719 3580 896 3661 occasum
925 3580 1012 3660 solis
1039 3580 1366 3667 Sbermanburiam

200 3721 399 3832 aliquando
416 3719 574 3800 tandem
592 3718 834 3824 attingimus.
881 3716 962 3795 Hic
982 3718 1082 3797 inter
1113 3718 1295 3801 arborum
1322 3748 1367 3801 a·

199 3883 312 3969 perta,
332 3859 373 3940 id
389 3852 530 3969 ipsum,
552 3857 657 3967 quod
675 3857 897 3965 querimus,
918 3852 1149 3965 prospicitur
1163 3857 1364 3937 reverendi

201 3992 290 4076 senis
308 3992 575 4075 domicilium:
603 3990 708 4081 illico
726 3989 971 4087 accedimus;
994 3990 1034 4068 in
1047 3990 1239 4099 propylaeo
1253 4010 1366 4072 exta-

202 4129 264 4214 bat
283 4129 528 4241 Vnrgiliannm
545 4127 641 4206 illud
658 4125 899 4235 inscriptum,

254 4286 370 4381 Ande,
397 4282 532 4396 hospes,
558 4303 783 4366 contemnere
800 4298 892 4391 opes,
922 4276 966 4359 ὃ
985 4292 1023 4359 te
1038 4288 1165 4407 qnoque
1188 4273 1339 4383 dignum
1388 4266 1391 4275 Δ

253 4422 367 4533 Finge
383 4422 492 4519 De03
520 4422 692 4535 rebusque
710 4420 801 4504 veni
815 4418 1009 4618 nssnfasper
1028 4416 1159 4527 egenis.
1304 4529 1341 4613 E
1366 4516 1368 4521 Ι

1343 4556 1370 4615 n
