3509 5175
1548 144 1569 199 'l

828 461 883 631 ⁷[v
928 465 1041 561 rra
1079 456 1149 637 .]¹
1231 453 1234 459 ·

388 668 583 801 'quicquid
596 687 649 772 est
673 688 973 800 praeceptionum
998 682 1100 766 ab'‘
1074 713 1119 765 us
1143 683 1316 765 sermone
1340 684 1551 795 plerumque

397 808 558 903 Latino,
586 814 626 891 dc
655 840 702 892 eo
731 813 892 920 quidem
915 837 991 889 non
1011 834 1213 890 commum
1201 806 1271 887 &
1288 808 1531 949 populari,e
1504 810 1552 888 sed

395 917 675 1012 scholastico&
694 934 951 1013 acroamatico
970 930 1078 1012 fuiffe
1098 932 1310 1011 traditum.
1340 932 1395 1010 ita
1415 950 1458 1011 ut
1475 932 1551 1011 inid

395 1058 552 1138 intuens
571 1061 767 1170 percipere
783 1061 912 1140 videar
930 1088 1007 1141 non
1024 1080 1104 1141 tam
1117 1060 1364 1169 Praeceptoris
1379 1060 1428 1138 ad
1442 1058 1552 1139 Disci

396 1196 549 1306 pulum,
579 1227 698 1308 quam
724 1199 944 1308 Philosophi
977 1228 1069 1280 cum
1099 1196 1329 1308 philosopho
1359 1188 1553 1279 differentis

396 1338 638 1431 orationem,
668 1338 888 1447 praeclaram
917 1338 1025 1418 illam
1052 1332 1201 1416 fortasse
1229 1330 1552 1415 &admirabilem

396 1493 532 1549 verum
553 1498 632 1551 non
652 1490 736 1551 tam
751 1470 798 1550 ad
818 1472 986 1578 aliquem
1005 1466 1210 1575 disciplinae
1235 1464 1421 1555 fructum,
1452 1488 1553 1571 quan

397 1606 446 1686 ad
476 1607 701 1688 eruditionis
733 1610 934 1691 recondita
972 1607 1268 1690 ostentationem
1305 1628 1552 1711 pompamque

396 1764 673 1853 comparatam.
710 1746 817 1853 Qid
831 1748 951 1855 igitur
965 1771 1054 1825 vero
1070 1743 1187 1824 velim
1206 1739 1342 1849 rogas?
1364 1755 1409 1819 ut
1428 1764 1552 1846 nempe

396 1879 585 1986 quicquid
602 1878 688 1959 est
676 1908 716 1962 m
734 1877 808 1960 hac
826 1900 932 1988 parte
951 1878 1264 1989 praeceptionum,
1283 1874 1325 1953 id
1344 1898 1467 1954 omne
1486 1873 1552 1982 ple

281 2034 285 2045 ‘
394 2010 483 2089 nius
501 2011 541 2089 dc
559 2012 771 2093 distinctius
791 2032 1023 2123 proponatur
1040 2011 1235 2092 idiomate
1243 2035 1320 2089 non
1338 2006 1553 2098 Latinum

395 2144 629 2254 Anglicano:
658 2165 703 2227 ut
730 2149 834 2256 quod
866 2150 947 2228 usui
974 2148 1176 2229 communi
1209 2145 1387 2226 inservire
1415 2143 1552 2226 debeat

376 2276 501 2357 fidem
520 2306 676 2393 quoque
695 2306 896 2361 commum
884 2280 1035 2361 sensui
1054 2298 1167 2387 atque
1187 2275 1398 2356 intellectui
1415 2300 1552 2355 accom·

394 2413 601 2506 modetur;
625 2418 671 2495 do
689 2416 851 2524 proinde
869 2414 1110 2498 Euchiridion
1130 2411 1266 2505 isthoc,
1295 2411 1400 2521 quod
1420 2410 1551 2491 adoles·

394 2547 569 2627 centium
589 2548 802 2629 nostrorum
822 2551 863 2628 in
883 2550 1047 2658 gratiam
1066 2545 1288 2627 concinnari
1307 2540 1553 2660 ‚velimuieti-

395 2703 470 2758 one
503 2683 742 2789 exprimatur
768 2709 864 2790 pura
895 2701 1011 2789 atque
1045 2679 1248 2788 didaelica,
1276 2705 1401 2788 neque
1438 2677 1552 2758 minus

394 2807 669 2920 philosophica,
687 2815 768 2893 imo
785 2816 838 2907 dc,
860 2816 888 2894 fi
909 2841 967 2893 res
989 2813 1162 2920 postulet,
1190 2808 1427 2905 schola'st'ica,
1448 2808 1553 2890 modo

392 2969 463 3050 per
481 2945 691 3053 synonyma
709 2947 767 3026 vel
782 2946 1021 3057 paraphrasin
1036 2947 1241 3027 commoda
1254 2946 1483 3028 adhibeatur
1495 2975 1554 3027 ex·

392 3069 566 3182 plicatio.
622 3073 724 3153 Illud
744 3075 917 3184 denique
931 3077 1170 3185 praecipuum
1191 3105 1319 3186 quaero
1339 3077 1379 3157 dc
1397 3105 1502 3171 curo,
1520 3095 1553 3156 ut

385 3208 588 3292 ¹sententiae
605 3213 784 3322 cujusque
802 3217 857 3294 vis
872 3218 912 3295 de
926 3213 1076 3296 facilius
1090 3201 1335 3325 percipiatur,
1355 3217 1396 3295 oc
1411 3215 1553 3296 distinc-

382 3345 474 3424 'tius
490 3344 725 3453 intelligatur
737 3383 750 3438 3
779 3367 894 3456 atque·
918 3349 1012 3428 adeo
1031 3376 1122 3430 cum
1142 3350 1346 3431 vernacula
1374 3369 1415 3430 et
1442 3349 1553 3430 nostra

392 3479 516 3563 isthoc
542 3484 664 3594 longe'
684 3483 831 3568 felicius
864 3488 1013 3596 praestet
1033 3517 1151 3597 quam
1170 3487 1327 3584 Latina,
1356 3487 1459 3571 illius
1479 3491 1554 3571 ideo

393 3603 469 3692 hac
487 3615 527 3692 in
539 3636 664 3725 parte,
692 3645 809 3725 quam
829 3618 943 3724 hujus
963 3620 1087 3714 usum,
1115 3620 1231 3730 longe
1249 3622 1443 3730 potiorem
1470 3651 1554 3706 reor.

376 3752 385 3764 ⁵
448 3739 645 3842 Qoniam
665 3758 793 3824 autem
812 3744 860 3823 de
875 3743 1195 3852 Praeceptionibus
1209 3744 1306 3838 dixi,
1320 3746 1415 3825 libet
1427 3745 1554 3828 itidem

394 3865 442 3947 de
462 3868 665 3976 Exemplis
697 3896 817 3977 pauca
848 3873 1026 3980 quadam
1057 3855 1274 3978 subjiceres
1309 3878 1443 3985 Atque
1470 3878 1554 3957 adeo

393 4005 545 4113 quoties
554 4003 621 4084 illa
635 4005 915 4116 eDemosthene,
925 4008 1302 4123 Platone,Arrstotele,
1315 4015 1553 4124 Xenophonte,

393 4140 454 4220 vel
472 4141 548 4220 alio
568 4139 743 4249 quolibet
760 4143 938 4253 scriptore
956 4124 1110 4227 laudato
1126 4147 1290 4228 viderim
1304 4149 1432 4242 citata,
1453 4153 1554 4231 toties

394 4264 511 4356 subiit
539 4279 637 4357 votis
667 4278 799 4393 saltem
828 4280 1043 4390 praecipere,
1073 4301 1116 4363 ut
1145 4261 1281 4362 itidem
1300 4311 1322 4364 e
1340 4283 1553 4365 nostratium

392 4410 579 4493 idiomate
601 4412 780 4521 parallelo
798 4413 976 4526 quadam
993 4416 1210 4497 dictionum
1228 4421 1418 4530 exempla,
1450 4421 1552 4500 Grae·

1510 4549 1553 4634 cis
