3509 5175
655 435 702 574 l
750 439 838 567 '79
882 433 934 578 ζ]

208 655 299 739 Heu
321 659 637 772 moritura‘super
653 657 800 761 crudeli
818 660 955 751 funere
974 663 1129 771 conjux.

208 827 316 909 Tum
336 829 509 937 primum
528 830 643 941 rigidi
659 833 860 913 ‘mitescere
876 831 994 912 corda
1012 833 1156 926 coloni,
1225 839 1228 845 '
1268 841 1271 846 ’

207 998 427 1108 Asperaque
444 1001 605 1114 insolitis
625 997 847 1083 humescere
858 999 1018 1083 {fletibus
1037 1001 1117 1084 ora.
1129 1020 1150 1040 '‘

257 1168 365 1277 Ergo
383 1169 458 1250 erit
476 1170 540 1250 illa
559 1172 653 1265 dies,
672 1196 765 1252 cum
784 1191 835 1264 te,
855 1172 1069 1252 venerande
1087 1167 1281 1273 Sacerdos,
1317 1193 1378 1257 59·

208 1341 265 1418 Te
285 1359 353 1418 tua
372 1336 454 1419 fata
471 1307 666 1448 premunt,
694 1341 881 1450 longique
898 1340 1094 1423 laboribus
1113 1346 1182 1426 aevi
1262 1369 1265 1407 ³

175 1568 176 1571 a
208 1504 450 1596 Defunttum
468 1534 547 1590 nox
563 1487 643 1589 sera
660 1510 824 1590 manet?
840 1553 894 1577 -·-
907 1511 998 1616 Jam
1016 1508 1171 1618 frigida,
1194 1514 1320 1622 greffu

208 1674 420 1785 obrepens,
447 1705 522 1758 ceu
539 1678 652 1759 tristis
671 1677 821 1787 hyems,
849 1677 1024 1774 fallente,
1043 1649 1201 1764 benetia

207 1840 387 1924 Membra
406 1846 630 1928 minutatim
647 1848 787 1928 morbo
805 1847 968 1956 collapsa
985 1848 1136 1959 fatigat,
1173 1937 1175 1946 ¹

206 2011 376 2121 Affigens
395 2013 498 2110 ledlo
514 2015 692 2095 morituri
712 2016 842 2097 debile
863 2043 1014 2126 corpus.

206 2181 335 2288 Qalis
355 2178 467 2262 humi
483 2183 571 2264 laffa
587 2187 734 2267 cervice
751 2187 943 2267 recumbit
961 2185 1085 2277 arista,

207 2349 344 2454 Qales
361 2354 506 2433 maturi
523 2353 708 2436 labuntur
725 2353 775 2434 ab
793 2355 927 2434 arbore
943 2324 1104 2445 fruetur,
1181 2389 1189 2406 ¹

207 2517 307 2601 Talis
324 2523 362 2603 ei
378 2521 483 2630 justo
501 2521 672 2604 decurrit
690 2519 772 2604 vita
789 2541 933 2615 tenore,

206 2689 336 2799 Qalis
356 2693 405 2773 ab
422 2694 576 2800 incepto
595 2689 833 2802 procederat,
861 2710 901 2779 et
921 2691 990 2772 fibi
1008 2672 1182 2773 connais

175 2841 176 2854 Ν
206 2860 263 2940 Ad
281 2878 417 2943 notam
436 2877 614 2970 properat
632 2858 768 2941 declivi
787 2860 942 2973 tramite
959 2878 1118 2940 metam.
1311 2861 1371 2924 ⁶00

208 3030 306 3140 Qin
327 3048 369 3111 et
385 3030 426 3109 in
447 3050 621 3109 extremo
640 3029 862 3109 discrimine
881 3028 988 3109 mitis
1009 3028 1118 3109 eunti
1222 3036 1226 3043 '

207 3196 343 3282 Sternit
361 3200 434 3279 iter
450 3196 648 3307 placidum
666 3169 979 3278 duro'Patientia
997 3198 1083 3291 risu,
1112 3213 1152 3277 et

208 3366 313 3449 noui
330 3368 483 3450 conscia
499 3393 625 3461 mens,
653 3384 694 3447 et
712 3368 804 3476 Spes
822 3367 988 3479 presaga
999 3365 1139 3479 futuri.

207 3534 292 3619 Non
312 3536 467 3647 queruli
483 3536 666 3646 gemitus,
694 3562 774 3616 non
793 3536 932 3616 maestae
951 3535 1084 3617 nubila
1102 3532 1241 3616 frontis

207 3706 411 3814 Apparent,
431 3702 495 3785 sed
512 3708 653 3785 cundia
666 3704 796 3785 sedent
810 3702 1031 3811 tranquilla,
1057 3656 1255 3813 Qiesque
1279 3728 1281 3736 ·
1308 3701 1369 3785 ⁶05
1482 3710 1490 3725 '

208 3873 342 3983 Aspera
359 3874 601 3968 demulcens,
629 3874 806 3985 supremo
823 3874 865 3953 in
883 3871 974 3966 fine,
1002 3871 1190 3966 laborum,

208 4038 378 4129 Occiduo
394 4071 467 4126 ceu
483 4042 559 4143 sole
576 4042 684 4125 diem
705 4043 907 4123 claudente
926 4042 1114 4124 serenum.

253 4206 373 4309 Felix,
403 4214 471 4324 qui
491 4213 622 4338 potuit¹
643 4240 772 4295 rerum
793 4213 1021 4320 cognoscere
1040 4206 1167 4290 causas
1306 4305 1311 4317 Ι

208 4372 255 4457 Et
270 4377 355 4463 vite
374 4380 586 4494 mortisque
604 4382 696 4478 vias,
724 4380 893 4493 coelique
916 4376 1132 4495 profunda!

1156 4542 1366 4627 Fortunate
