3509 5175
648 468 683 611 [Δ
746 491 843 610 277
915 473 940 614 i

208 687 303 772 elici
320 692 423 803 poffe
441 694 567 795 video,
597 700 695 784 dum
712 681 771 787 res
789 703 846 786 ab'
859 702 934 786 Illo
952 702 1067 816 gesta
1088 704 1218 791 animo
1238 705 1380 791 obver-

206 828 342 959 santur
352 867 367 924 3
395 837 584 944 pr'aeclarae
603 841 679 922 illae
697 861 738 924 et
755 842 987 953 magnifica,
1007 872 1174 955 quarum
1192 843 1381 934 beneficia

208 994 291 1049 non
310 974 358 1053 ad
375 977 536 1083 praesens
553 980 674 1064 modo
701 983 879 1066 saeculum
910 985 1141 1095 pertingere,
1170 986 1234 1068 sed
1258 987 1378 1110 etiam

207 1111 259 1190 ad
273 1112 447 1218 'post'eros
466 1119 671 1202 derivanda
688 1122 776 1217 effe,
803 1124 954 1207 censeo.

266 1253 421 1361 Qidni
447 1260 577 1369 itaque
604 1289 679 1370 ego
708 1283 746 1344 te
777 1265 825 1343 ad
845 1263 1010 1345 honores
1030 1264 1226 1375 supremos
1248 1261 1377 1360 hosce,

208 1390 258 1470 ad
289 1392 504 1478 Parentalia
529 1402 778 1508 persolvenda
805 1429 957 1494 vocem,
987 1403 1034 1482 ad
1061 1401 1235 1482 haec'srve
1254 1401 1379 1480 ludius

204 1525 370 1631 publici,
399 1524 474 1610 five
499 1533 781 1639 gratulationis,
811 1534 951 1626 officia,
985 1515 1035 1614 ad
1061 1533 1376 1652 suppiicationes,

206 1681 259 1753 er,
290 1663 421 1772 quales
440 1666 487 1745 ad
507 1667 729 1777 Martyrum
752 1671 1028 1778 primaevorunt
1053 1667 1250 1779 sepulchra
1277 1667 1379 1750 cele-

203 1797 309 1880 brari
329 1801 514 1897 solebant,
543 1806 695 1914 pietatis
716 1800 944 1888 Christiana
964 1806 1213 1917 triumphos?

262 1933 329 2012 Te
345 1936 539 2046 praecipue
557 1939 600 2017 in
628 1967 809 2046 curarum
836 1940 1074 2022 consortium
1093 1967 1205 2032 voco,
1234 1937 1378 2049 quippe

205 2095 368 2150 mecum
387 2100 463 2152 una
481 2075 619 2154 eodem
638 2077 780 2185 pariter
795 2078 907 2158 usum
921 2095 960 2156 et
976 2076 1120 2157 Amico
1139 2096 1177 2157 et
1197 2075 1376 2155 Patrono.

262 2203 399 2309 Rogas
419 2208 574 2288 interim
595 2237 679 2316 quae
700 2236 787 2290 mea
807 2209 881 2292 fint
899 2212 1009 2320 super
1027 2203 1100 2288 hac
1120 2235 1161 2287 re
1180 2226 1378 2312 remum·

204 2335 283 2416 m?
324 2340 387 2418 En
407 2341 472 2419 illa
491 2342 564 2421 tibi
583 2340 852 2456 confflem
877 2346 1007 2455 potius
1034 2370 1151 2452 quam
1166 2340 1375 2461 elaborata,

204 2476 246 2554 ds
265 2503 337 2584 pro
355 2476 508 2584 pietatis
528 2482 683 2591 privatae
702 2483 843 2576 officio,
871 2484 998 2594 potius
1018 2509 1139 2592 quam
1158 2506 1228 2591 pro
1247 2498 1378 2558 mate·

206 2610 271 2688 riae
293 2610 495 2730 dignitate,
525 2615 703 2726 expreffa.
775 2690 781 2698 .
1502 2728 1506 2740 ‚

261 2747 339 2828 Me
368 2752 530 2862 quidem
552 2755 662 2864 juvat
685 2757 728 2839 in
755 2758 947 2867 praeterita
963 2757 1080 2838 aetatis
1100 2756 1218 2867 spatia
1239 2753 1377 2846 redire,
1502 2764 1507 2783 ¹

204 2878 461 2977 deamicitia,
490 2913 582 2965 cum
601 2887 670 2968 ilio
689 2890 772 2998 jam
803 2892 903 2970 ultra
929 2891 1178 3000 quadraginta
1205 2902 1376 2997 quatuor

203 3028 312 3090 retro
329 3039 446 3092 annos
463 3015 581 3109 initae,
602 3022 836 3101 memoriam
848 3022 1039 3103 recordari
1062 3022 1267 3101 ultimam:
1298 3046 1380 3127 quo

202 3165 385 3257 tempore
404 3150 444 3228 in
464 3152 721 3235 Academiam
741 3159 1001 3239 Oxoniensem
1019 3157 1244 3270 adscriptus,
1273 3184 1295 3271 a
1322 3156 1379 3234 rei

201 3290 376 3371 Medicae
394 3291 541 3387 studiis,
571 3294 710 3404 quibus
741 3302 843 3407 apud
873 3298 1103 3378 Leidenses⁸
1130 3299 1373 3393 inclaruerat,

201 3426 251 3505 ad
273 3422 518 3545 Theologica
536 3430 571 3509 se
592 3430 795 3524 transtulit,
817 3434 906 3512 inde
928 3432 1044 3539 usque
1066 3451 1241 3541 repetens
1261 3430 1378 3511 video

201 3558 324 3637 ilium
343 3558 443 3640 inter
460 3563 610 3669 primos
625 3563 681 3641 sui
695 3564 840 3641 ordinis
859 3583 975 3673 atque
995 3563 1085 3655 ioci,
1106 3564 1207 3643 inter
1225 3561 1379 3657 Dunel-

202 3693 356 3773 menses
377 3694 477 3789 suos,
496 3695 747 3804 Theologum
763 3698 908 3805 ingenii
935 3700 974 3777 dc
1005 3696 1227 3777 eruditionis
1256 3695 1376 3790 fama,

201 3831 241 3909 or
267 3827 396 3937 gratia
423 3829 574 3941 insuper
600 3832 640 3911 u
666 3829 892 3925 honoribus,
921 3831 1138 3912 florentem.
1157 3833 1171 3874 ⁵
1187 3875 1299 3894 --
1314 3833 1378 3911 Eo

248 4074 267 4113 a
294 4050 407 4115 Thesea
429 4050 467 4111 de
488 4050 639 4113 Medicina
659 4052 766 4113 Statica
789 4054 953 4133 publicavit
975 4055 1072 4133 Lugd.
1094 4055 1159 4115 Bar.
1181 4054 1270 4112 Anno
1287 4070 1377 4128 1721.

199 4143 318 4206 Eodem
343 4146 432 4219 Anno
453 4145 485 4203 in
504 4144 581 4208 coll.
602 4146 697 4207 Exon.
720 4146 834 4209 admiffi
858 4151 1021 4224 &propter
1040 4147 1143 4207 merita
1163 4144 1378 4204 aCancellario

200 4234 436 4305 commendatus,
449 4234 487 4292 A.
497 4232 530 4292 Β.
550 4250 670 4296 creatur.
693 4236 780 4301 Febr.
794 4257 844 4316 23·
859 4240 1060 4317 17zgcreatur
1074 4236 1113 4296 est
1126 4236 1164 4297 A.
1176 4234 1222 4295 M.
1243 4249 1274 4293 et
1288 4236 1379 4297 Anno

204 4324 480 4483 ¹7li3GiiLTiibot
493 4420 635 4513 Episcopo
643 4421 785 4487 Dunelm.
800 4422 919 4488 aSacris
933 4420 1103 4493 domesticis.
1125 4418 1236 4485 Eccles.
1251 4418 1379 4481 Cathed.'

197 4510 390 4579 Praebendar.
409 4518 462 4586 ἃς.

585 4599 589 4606 ’
1231 4589 1378 4707 quippe
