3509 5175
653 453 949 604 [309]

212 1023 331 1122 TH
353 1027 413 1124 0.
458 1019 831 1124 HAYTER²
866 1021 927 1126 ab
960 1022 1218 1130 Academi&
1250 1025 1398 1130 disce·

296 1189 503 1311 dentem,
525 1195 569 1288 &
583 1188 685 1325 jam
709 1213 813 1288 tum
832 1190 1066 1290 Lancelot.
1088 1187 1284 1330 Eborac.
1304 1194 1402 1291 Ar-

294 1355 447 1493 chiep.
475 1393 503 1455 a
528 1355 705 1455 secretis
727 1353 1036 1490 defignatum‚
1064 1361 1128 1457 G.
1157 1361 1280 1456 Gne
1296 1394 1322 1455 u
1338 1395 1401 1458 n-

295 1533 429 1620 urmrb
445 1531 491 1622 δι
513 1527 560 1661 J
578 1528 627 1620 B.
668 1519 1065 1656 Hungerfordiam
1080 1521 1225 1657 usque
1248 1526 1399 1647 comi·

294 1709 452 1785 tantur
494 1687 543 1780 in
574 1689 767 1784 itinere:
819 1683 989 1783 deinde
1026 1683 1277 1818 digreffum
1309 1680 1413 1784 hale.

294 1815 587 1946 valediuloril
608 1839 815 1979 Epistola
837 1843 1088 1977 compellat
1121 1850 1169 1985 J
1179 1851 1229 1948 B.
1248 1880 1399 1978 1724.

365 2267 486 2378 Qan
509 2237 666 2378 refugus
687 2269 838 2357 circum
857 2271 1065 2379 precordia
1082 2269 1237 2384 sangine

316 2521 320 2530 .
364 2445 534 2526 Subfiliit
551 2465 678 2544 motu,
698 2468 850 2532 cumte
869 2450 1097 2560 complexus
1116 2466 1279 2532 euntem

216 2616 534 2725 Supremumque
551 2619 691 2705 affatus
711 2619 863 2718 adhaefi,
889 2623 1016 2706 multa
1035 2621 1207 2703 tumenti

216 2785 352 2865 Corde
369 2815 560 2896 premen8‚
590 2789 630 2870 δε
649 2806 688 2871 te
709 2790 832 2901 super,
857 2795 897 2874 Ο
916 2790 1134 2874 chariffime
1151 2786 1330 2889 Thoma,

170 3042 172 3051 ,
214 2952 365 3037 Nescio
384 2958 479 3067 quid
499 2960 690 3041 meditans
708 2961 813 3071 quod
832 2962 990 3045 Gaudia
1010 2964 1085 3078 five
1104 2960 1298 3044 Dolorem

215 3126 435 3207 Excutiens
456 3124 558 3207 varii
578 3127 714 3210 delufit
733 3131 906 3239 imagine
924 3134 1083 3242 sensus„

216 3296 333 3403 Qid
349 3325 441 3378 vero
458 3297 619 3389 interea,
645 3298 741 3406 quid
761 3300 902 3395 credis,
922 3304 1078 3395 Amice,
1097 3310 1324 3412 precantem

215 3467 454 3579 Compreffis
474 3466 626 3574 agitaffe
644 3467 787 3549 labris?
817 3469 931 3550 “Dii
951 3488 989 3551 te
1008 3468 1110 3552 mihi
1129 3468 1278 3551 servent

215 3638 482 3729 incolumem,
502 3662 797 3745 memoremque
812 3634 908 3729 Tui,
928 3658 1224 3745 memoremque
1238 3618 1407 3715 Sodalisl

214 3808 303 3913 Qi
322 3808 409 3918 pius
431 3805 608 3887 auriculis
627 3802 703 3884 hoc
724 3804 905 3887 instillare
923 3805 1089 3901 videtur,

215 3977 430 4058 “Cautius
452 3994 497 4057 ut
515 3974 631 4057 velles
652 3974 803 4055 blandae
824 3993 863 4056 te
883 3974 1038 4059 credere
1058 3972 1187 4058 sorti.”
1271 4086 1276 4096 ⁴

263 4272 281 4310 a
300 4263 323 4312 0
337 4264 492 4330 Maexagrrne
506 4246 641 4328 Episcop.
656 4248 786 4311 Londin.
807 4248 844 4309 ln
858 4246 1036 4329 Republicri,
1050 4248 1082 4311 in
1096 4240 1235 4319 Redemi,
1248 4236 1327 4307 tenu
1340 4256 1409 4313 cun

217 4358 308 4423 laude
323 4356 458 4427 versatur,
483 4372 515 4416 ut
529 4356 623 4415 nostro
638 4377 697 4416 non
712 4370 793 4437 egeat
805 4358 963 4437 praecouio.

265 4469 286 4531 b
306 4467 353 4529 De
370 4488 429 4550 quo
443 4466 510 4533 vide
523 4466 615 4549 Epir.
631 4464 667 4529 ad
679 4466 890 4541 nemmem.
911 4488 943 4548 p.
960 4466 1031 4551 1833
1096 4524 1102 4539 ,

1167 4594 1285 4705 ²30
1315 4596 1409 4710 Ego
