3509 5175
665 440 927 584 [95]

208 667 376 781 laticesque
386 665 681 778 fresmont&
697 665 943 782 exultares&
955 665 996 748 in
1011 663 1189 776 cffraenem
1206 666 1379 780 qnondam

206 804 391 886 verborum
418 802 596 887 licentiam
621 802 665 885 fd
687 801 868 886 luxuriem
887 802 1136 914 precipitari.
1187 804 1273 886 Iade
1296 802 1380 884 adeo
1434 839 1436 842 ·

199 933 378 1044 pram'put
394 932 583 1041 Elegorum
593 929 832 1042 scriptoribus
855 931 917 1019 boc
933 932 1136 1016 incommodi
1152 934 1252 1015 toties
1269 935 1382 1028 contin

201 1066 283 1178 giso
299 1067 469 1165 videmus,
494 1084 548 1164 nt,
575 1067 616 1148 in
630 1095 695 1176 quo
706 1067 780 1176 sbi
796 1065 985 1177 placebant
1008 1069 1173 1164 maxime,
1201 1066 1240 1150 in
1255 1095 1293 1150 eo
1310 1069 1381 1152 lec·

206 1204 336 1286 toribus
352 1204 467 1286 minos
475 1204 682 1313 placerent,
710 1230 789 1283 cum
805 1220 924 1314 nempe
935 1201 1118 1310 affiblibns
1126 1203 1207 1312 suis
1216 1207 1296 1314 plns
1305 1208 1382 1288 tri-

208 1331 347 1416 buerint
364 1363 468 1444 quam
482 1334 623 1446 jndicio
647 1334 773 1430 alieno,
801 1335 847 1414 &i
860 1333 1059 1444 plerumque
1077 1334 1191 1419 minus
1213 1355 1296 1416 nota
1311 1353 1383 1446 pro

207 1469 407 1565 notioribus,
418 1470 470 1555 ’,ὅ
487 1467 666 1585 domestica
678 1485 747 1579 pro
756 1469 922 1578 publicis,
941 1471 984 1554 &i
1002 1487 1110 1552 extra
1122 1469 1260 1578 constan
1275 1473 1384 1554 nemis

207 1602 331 1702 multo,
351 1606 441 1687 male
458 1604 602 1716 offidost,
620 1601 850 1714 ingefferint:
878 1604 954 1714 ipsa
962 1607 1121 1716 presebio
1138 1603 1277 1685 dicendi
1284 1601 1402 1715 copia

207 1728 424 1848 inopesfecit
440 1739 483 1820 id
498 1736 680 1847 indisertus
689 1777 703 1836 ς
735 1737 792 1818 ita
810 1755 851 1820 ut
868 1739 908 1820 in
924 1737 1132 1848 loquacitate
1153 1753 1259 1820 tanta
1280 1767 1383 1830 vera

207 1865 350 1949 interim
366 1866 566 1978 eloquentia
581 1868 659 1949 laus
679 1867 948 1974 deploraretur.
996 1873 1091 1980 Quo
1113 1895 1191 1950 cum
1217 1867 1273 1950 ita
1286 1869 1381 1976 snt,

207 2031 272 2112 quo
288 2005 331 2086 in
347 2033 389 2084 re
405 2002 542 2113 diffia'le
556 2003 604 2112 ιβ
622 2032 689 2090 non
700 2022 861 2111 peccare,
880 2004 921 2084 in
939 2032 981 2086 ca
999 2003 1129 2085 leviter
1143 2003 1187 2083 &²
1204 2031 1270 2084 non
1289 2006 1383 2088 ultro

201 2135 361 2242 peccanti
376 2133 484 2214 venia
497 2131 657 2239 facilior
675 2133 853 2241 indulgeri
870 2130 979 2216 debet.
1018 2139 1075 2218 At
1092 2134 1306 2247 verosquid
1313 2139 1382 2222 hac

207 2262 242 2343 in
252 2279 364 2372 parte
382 2267 397 2341 i
416 2252 502 2342 bnon
519 2260 629 2366 noster
635 2262 804 2370 feliciter
821 2261 986 2371 affi’cntns
993 2263 1134 2369 suerit,
1147 2263 1203 2372 ιβ
1223 2270 1384 2378 profem

208 2398 293 2508 quod
294 2399 381 2508 fibi
388 2393 607 2506 gratuletur,
630 2397 688 2492 ii,
712 2393 879 2506 quiequid
898 2414 1038 2506 prater
1048 2395 1150 2506 soem
1176 2394 1292 2480 landis
1319 2402 1381 2482 ob-

208 2533 356 2629 veneris,
377 2529 419 2613 id
433 2557 527 2613 omne
542 2527 640 2611 lucro
658 2545 824 2639 apponat.
1100 2636 1104 2643 Ι

237 2672 340 2761 Hac
355 2664 439 2748 aleo
451 2661 646 2774 prasanda
663 2660 776 2757 duxi,
788 2659 943 2769 neforto
953 2658 1098 2743 viderer
1111 2660 1181 2744 tibi
1192 2660 1397 2771 leviuscula'

207 2798 242 2882 in
258 2828 299 2881 re
316 2818 457 2909 operam
473 2815 599 2877 temere
616 2792 822 2909 collocose3x
843 2814 946 2906 utque
966 2814 1075 2905 porro
1092 2796 1303 2903 intelligeres
1318 2802 1382 2907 fi·

208 2926 342 3035 quidem
365 2925 534 3006 ullatenus
562 2924 696 3005 valeat
711 2929 932 3035 argumenti
962 2928 1062 3035 ipsm
1092 2929 1280 3039 dignitas,
1314 2948 1382 3013 aest

206 3063 402 3150 scribentis
420 3060 574 3144 affeiiio
591 3061 807 3169 fingulasis,
825 3074 891 3144 aut
910 3060 1053 3172 deniqne
1062 3060 1300 3171 scriptionem
1316 3063 1383 3147 bu-

197 3190 345 3309 jusmodi
362 3196 523 3286 novitas,
550 3208 615 3272 ont
633 3192 853 3285 difficultas,
873 3211 938 3275 ont
955 3193 1063 3283 ctiam
1081 3198 1275 3279 varietatis
1287 3226 1382 3303 gra-

208 3324 272 3421 tia,
297 3323 457 3405 exomni
478 3340 585 3433 parte
603 3318 723 3432 canesco
738 3322 879 3430 totidem
904 3351 1098 3421 occurrere,
1127 3353 1204 3435 qna
1223 3325 1382 3437 opuscula
1505 3386 1508 3391 ,

209 3450 278 3535 bac
289 3472 361 3565 pro
378 3453 502 3534 merito
514 3448 579 3562 sno
596 3482 615 3532 e
627 3452 848 3563 scriniorum
860 3454 1007 3546 latebris
1022 3459 1063 3536 in
1080 3456 1282 3567 reipublice
1299 3460 1382 3541 lite-

207 3587 323 3669 roriae
340 3587 449 3667 lucem
462 3558 664 3674 evocarent.
1300 3576 1303 3583 ’

258 3722 469 3837 Quinetiam
486 3724 638 3806 ratioms
653 3722 815 3833 quadam
835 3722 1001 3835 probata
1020 3727 1063 3809 &³²
1076 3730 1254 3839 firtuita
1270 3732 1383 3844 acces-

197 3851 336 3958 serunt,
366 3854 488 3965 quibus
500 3855 634 3963 fateor
650 3884 704 3939 mc
726 3856 914 3945 addubitem
939 3876 980 3941 nt
1003 3858 1063 3941 boc
1087 3861 1156 3971 ipso
1175 3881 1326 3975 tempore
1342 3864 1386 3945 id

196 3982 285 4087 fleri
294 3982 480 4097 slndiostus
496 4004 668 4106 asparem.
714 3990 845 4101 Nuper
867 3994 960 4072 enim
982 3990 1170 4101 rusticanti
1192 3996 1282 4078 mibi
1303 4026 1385 4080 cum

207 4142 322 4197 recens
331 4114 456 4207 doloris
472 4116 643 4231 domestici
658 4118 785 4201 vulnus
802 4122 1071 4231 recrudesceret,
1098 4126 1298 4239 animusque
1318 4130 1380 4211 in-

201 4264 313 4363 grata
326 4246 565 4359 sollicitudine
580 4265 672 4333 totus
689 4270 932 4363 occuparetur,
958 4254 1155 4365 baudscne
1178 4260 1382 4347 incommode

207 4378 292 4461 mibi
307 4404 533 4497 porsennam
550 4382 625 4475 bat
643 4388 683 4471 in
700 4416 823 4507 meam
838 4409 1040 4477 venerunt:
1060 4410 1130 4502 pro
1146 4422 1196 4491 eo,
1223 4396 1286 4507 qui
1307 4410 1383 4479 tum

1287 4551 1381 4635 aas,
