3509 5175
557 551 586 612 .-
657 467 684 609 t
744 460 820 608 89
892 461 917 606 ]

201 689 300 774 inter
322 657 543 802 Superioree
567 693 645 776 fine
671 695 832 789 Invidia,
861 697 965 776 inter
991 718 1131 776 omnes
1159 695 1249 786 fine,
1264 695 1381 782 Fallu

200 825 382 934 spectata,
409 828 555 908 adulari
573 830 721 938 prorsus
741 829 936 921 indociliS,
967 827 1148 908 Laudum
1170 829 1312 936 pariter
1341 827 1386 910 &-

202 957 544 1040 Obtrectationum
573 963 863 1072 contemptrix,
892 961 1128 1068 lnjuriarum
1157 961 1287 1042 sedulo
1315 964 1378 1070 ing·

201 1087 294 1182 scia,
340 1093 472 1202 sponte
497 1096 732 1190 immemor,
772 1091 1005 1202 ignoscendo
1037 1112 1141 1192 certe
1176 1093 1381 1202 plusquam

202 1217 370 1302 Victrix.

255 1483 304 1563 ln
331 1481 542 1567 hominum
571 1486 790 1595 frequentia
818 1487 1059 1597 negotiisque
1077 1483 1226 1594 jamdiu
1256 1489 1382 1570 multa

205 1649 295 1702 cum
316 1624 428 1704 laude
446 1627 626 1718 versatus,
646 1624 718 1704 Vir
735 1628 826 1734 pius
841 1630 882 1704 bc
900 1607 1044 1734 sapiens
1063 1625 1186 1704 voluit
1204 1625 1382 1734 aliquan-

204 1755 253 1832 do
275 1757 372 1835 Otio
390 1755 480 1848 frui,
502 1758 568 1836 fibi
589 1758 861 1868 aliquantisper
876 1786 1021 1852 vacare,
1041 1759 1204 1866 publicis
1225 1760 1381 1840 interim

208 1889 438 1970 utilitatibus
470 1920 550 1971 non
580 1893 843 1973 deesse—
860 1891 1009 1972 Verbm
1040 1895 1174 2003 (quod
1203 1893 1383 1982 Ecclesia-

209 2015 304 2096 bene
324 2021 508 2127 verteret)
530 2049 579 2100 ex
597 2023 754 2102 amabili
771 2022 909 2102 secessu
930 2027 970 2102 in
991 2023 1095 2102 urbis
1115 2023 1382 2105 celebritatem

208 2179 300 2258 pene
329 2155 496 2235 invitum
524 2158 714 2236 revocavit
733 2156 1004 2236 Benevolentia
1024 2156 1380 2268 singularis'Patro·

209 2313 358 2380 norum,
377 2292 518 2396 quibus
538 2293 590 2370 ita
608 2289 787 2398 placuisse
808 2273 1044 2370 Me'ritorum
1066 2310 1147 2369 erat
1167 2291 1383 2372 Commen-
1484 2331 1487 2344 ·

209 2419 310 2499 datio
341 2422 452 2530 plane
481 2425 703 2517 invidenda,
732 2425 874 2533 Elogio
904 2426 1015 2504 omni
1044 2423 1160 2536 longe
1189 2420 1383 2505 honorifi-

210 2555 367 2637 centior.
624 2569 634 2580 ’

263 2688 334 2780 lbi,
363 2719 455 2770 cum
481 2694 585 2801 quod
617 2692 810 2800 reliquum
841 2714 922 2773 erat
942 2694 1127 2803 temporis
1147 2692 1237 2774 Deo
1255 2696 1384 2777 conse-

212 2848 353 2909 ctatum
374 2833 626 2941 impenderet,
656 2835 813 2912 Animae
833 2862 984 2941 magnae
1005 2835 1088 2943 plus
1111 2861 1223 2943 aequo
1251 2840 1385 2946 prodi·
1475 2816 1478 2819 ⁵

212 2987 293 3066 gur,
320 2966 372 3057 δι,
401 2966 506 3074 quod
529 2964 653 3047 fuiffet
684 2966 898 3075 prudentiae
917 2994 1017 3075 opus
1034 2966 1222 3062 mirificae,
1254 2970 1386 3049 Carr-

216 3122 560 3182 raeoarnusruru
576 3090 698 3183 etiam
712 3103 869 3182 suorum
889 3105 1054 3187 Animos
1070 3104 1276 3212 aliquando
1290 3134 1386 3187 con·

214 3236 418 3331 ciliaturus,
438 3240 479 3316 in
499 3240 580 3346 ipso
600 3237 793 3317 honorum
812 3238 936 3331 aditu,
957 3239 1164 3347 Famaque
1183 3242 1386 3321 crescentis

214 3364 315 3459 flore,
344 3370 606 3476 Temporibus
627 3347 923 3450 Ecclesraecerte
943 3368 1190 3463 alienisfimis,
1217 3372 1387 3453 Confilia

216 3502 565 3595 srahonestiffima,
594 3504 827 3609 &ingentes
858 3502 1051 3581 bonorum
1082 3505 1261 3585 omnium
1292 3507 1386 3617 spen,

217 3632 333 3715 Febre
360 3652 569 3741 praereptus
595 3633 765 3711 luctuosa
791 3630 947 3710 fefellit.
961 3676 1071 3693 --
1087 3635 1294 3719 Fortiffimi
1313 3638 1385 3719 Vir

219 3762 362 3853 Animi,
390 3763 432 3839 in
465 3761 624 3869 ancipiti
654 3760 720 3839 illa
749 3760 1017 3874 trepidantum,
1047 3759 1086 3839 in
1116 3763 1295 3873 supremo
1318 3768 1387 3845 illo

219 3890 440 3984 discrimine,
469 3893 538 3973 srbi
566 3894 756 3986 constans,
784 3893 892 4000 quod
927 3893 1119 4001 supererat
1149 3894 1312 4006 Spiritsts
1341 3900 1386 3993 in

222 4024 293 4129 pias
313 4052 381 4131 pro
397 4022 567 4103 Ecclesia
585 4052 717 4135 preces
736 4022 905 4105 moriens
925 4024 1084 4108 efflavit.

269 4158 429 4241 Mecum
448 4189 554 4269 ergo,
581 4162 722 4242 Lector
750 4160 980 4255 Christiane,
1010 4162 1094 4244 haec
1120 4164 1264 4248 damna
1295 4166 1386 4277 luge

222 4304 366 4411 publica
377 4343 391 4405 3
428 4328 510 4391 tam
540 4306 693 4423 pretiosi
723 4305 860 4415 eapitis
891 4305 1076 4390 desiderio
1102 4310 1210 4416 tangi
1230 4307 1389 4395 Pietatis

793 4434 844 4513 M
980 4480 985 4491 ·
1303 4440 1386 4551 laur
