3509 5175
620 407 668 566 'l
736 461 831 561 153
888 414 929 571 l

189 636 296 735 bitur
315 650 381 735 M.
407 643 455 735 T.
477 651 619 749 Cicero,
648 640 771 764 quem
790 640 831 735 in
853 651 997 737 Graecis
1015 654 1068 737 ita
1085 652 1274 738 versatum
1295 658 1369 739 no·

186 787 330 882 rimus,
351 803 396 866 ut
415 785 551 868 eorum
570 787 676 897 quafi
695 786 853 870 succum
871 790 911 868 dc
930 788 1154 897 sanguinem
1173 790 1214 871 in
1232 784 1369 902 scripta

187 924 256 1007 sua
273 922 535 1018 transfuderit,
562 927 604 1005 δι
622 924 671 1004 ab
691 924 779 1034 ipfis
803 924 965 1004 demum
986 952 1147 1006 omnem
1166 918 1253 1006 tum
1272 928 1367 1038 phi-

186 1055 372 1169 losophiae
391 1074 479 1137 tum
497 1057 724 1167 eloquentiae
741 1056 896 1136 laudem
913 1057 1012 1137 adse
1030 1050 1267 1139 derivaverit.
1298 1058 1369 1141 llle

189 1191 304 1287 adeo,
333 1191 429 1300 quid
462 1189 550 1299 styli
578 1183 854 1269 'exercitatione
885 1189 986 1269 effici
1014 1190 1126 1298 poffit
1155 1208 1195 1269 et
1213 1192 1366 1285 debeat,

188 1348 269 1403 non
289 1341 371 1406 tam
391 1323 589 1433 praeceptis
608 1348 727 1431 quam
747 1320 927 1429 exemplo
942 1322 1010 1401 suo
1029 1324 1342 1406 commonstravit
1352 1314 1373 1418 ς’

188 1459 247 1537 ita
281 1460 434 1539 Graecos
464 1457 655 1556 imitatus,
689 1471 732 1536 ut
766 1453 879 1535 illum
913 1452 1050 1535 deinde
1086 1457 1231 1539 imitari
1262 1458 1367 1571 poffe

185 1592 317 1674 laudis
336 1588 452 1671 fuerit
472 1587 722 1698 ampliffimae.

245 1731 315 1811 Ne
347 1758 440 1810 vero
466 1698 646 1837 exempla
673 1724 883 1808 domestica
913 1725 1023 1806 nobis
1054 1726 1214 1809 defuiffe
1242 1747 1368 1840 putes,

188 1864 274 1945 redi
293 1838 499 1969 aliquando
516 1886 674 1940 mecum
689 1859 728 1937 in
745 1862 967 1967 temporum
984 1861 1265 1967 prateritorum
1279 1890 1368 1943 me-

188 1994 373 2088 moriam,
401 1994 442 2075 &
460 1990 501 2071 in
527 1989 622 2071 illud
653 1989 843 2099 praecipue
872 1989 1064 2089 saeculum,
1092 1993 1282 2101 superiore
1302 1996 1369 2077 su·

188 2126 350 2235 petius,
379 2125 486 2235 quod
504 2125 593 2203 sane
618 2121 897 2205 Ciceronianam
916 2121 1022 2205 haud
1042 2123 1180 2205 frustra
1198 2128 1368 2235 appella-2

190 2259 306 2339 veris.
349 2256 557 2337 Miraberis
575 2245 751 2365 profecio
772 2254 891 2335 talem
919 2256 959 2335 in
988 2258 1097 2369 omni
1121 2285 1261 2366 genere
1280 2259 1371 2339 lite-

190 2416 367 2477 ratorum
384 2413 616 2506 proventum
636 2392 826 2474 extitisse:
857 2395 1044 2474 imovero
1061 2397 1101 2475 du
1117 2395 1311 2492 foeminas,
1328 2400 1370 2505 dt

190 2530 358 2642 quidem
378 2523 572 2638 sanguinis
591 2529 792 2609 nobilitate
811 2528 1083 2625 illustriffimas,
1112 2559 1170 2626 ea,
1199 2561 1283 2643 quae
1303 2533 1372 2617 viri

190 2670 314 2750 etiam
328 2666 533 2748 doetiffimi
548 2693 626 2745 non
640 2666 717 2746 fine
731 2667 877 2746 invidia
894 2668 1108 2763 laudarent,
1120 2671 1266 2780 ingenii
1280 2647 1374 2754 m'o·⁸

191 2827 386 2918 numerata
398 2807 604 2917 protulilse.
646 2806 800 2912 Qibus
815 2833 903 2886 vero
929 2808 1090 2902 artibus,
1110 2807 1234 2919 qua've
1253 2811 1370 2895 disci-

191 2950 301 3058 plina
317 2945 374 3028 usr
391 2945 571 3026 homines
594 2944 636 3024 in
666 2963 818 3025 tanturn
838 2944 1083 3050 profecerint,
1112 2947 1153 3026 in
1173 2943 1373 3060 Paedagogo

192 3087 260 3166 suo
291 3086 334 3165 du
362 3081 531 3192 Epssolis
563 3065 679 3161 docet
713 3100 826 3206 autor
857 3079 1110 3186 graviffimus,
1151 3086 1374 3191 Aschamus,

192 3217 290 3296 Hoc
307 3241 465 3324 nempe,
495 3233 687 3323 quantum
705 3230 898 3321 quantum
917 3232 1009 3306 erat,
1033 3216 1225 3324 praecipue
1245 3217 1374 3298 effecit
1495 3264 1498 3269 f

193 3350 279 3441 illa,
306 3346 459 3454 optima
478 3343 634 3424 dicendi
655 3344 846 3451 magistra,
875 3343 962 3450 styli
987 3339 1220 3427 exercitatio.
1277 3349 1372 3430 Non

193 3486 252 3566 illi
284 3481 451 3564 lediione
477 3483 646 3589 quadam
672 3480 837 3561 solitaria
865 3480 1097 3589 frigidaque,
1128 3509 1219 3575 non,
1250 3461 1373 3564 interss

194 3616 427 3733 pretationis
454 3616 586 3696 alienae
613 3642 687 3722 ope
714 3615 853 3696 vicaria
883 3613 985 3707 freti,
1004 3608 1006 3616 ’
1014 3643 1081 3723 per
1106 3618 1285 3728 ambages
1315 3619 1375 3701 vel

195 3756 448 3868 compendia,
477 3755 603 3871 nescio
629 3781 725 3865 quae,
757 3754 804 3834 ad
835 3756 1050 3836 Graecorum
1070 3759 1374 3867 Latinorumque

195 3888 506 3972 intelleffionem
522 3905 605 3967 tam
624 3903 840 3965 accuratam
860 3908 1137 3994 pervenerunt;
1168 3889 1229 3969 sed
1248 3891 1377 3969 medi·

195 4017 349 4098 tatione
369 4014 507 4108 severa,
535 4013 599 4094 sed
619 4012 872 4120 expendendo
892 4013 1039 4121 fingula
1067 4017 1106 4096 dc
1133 4017 1376 4112 elaborando,

195 4153 253 4245 dc,
283 4147 391 4259 quod
421 4165 556 4228 caetera
582 4147 664 4228 fere
689 4147 962 4256 compledlitur
988 4151 1131 4242 omnia,
1160 4153 1377 4258 plurimum

197 4278 430 4366 scribendo:
474 4297 590 4384 atque
613 4279 669 4358 ita
696 4280 871 4387 quidem,
903 4300 983 4360 ute
1003 4281 1158 4364 Latinis
1177 4288 1326 4380 Graeca,
1356 4315 1378 4368 e

198 4409 349 4496 Graecis
367 4412 527 4508 Latrim,
557 4439 606 4499 ex
633 4413 815 4494 omnibus
841 4415 1003 4518 Anglica
1033 4415 1257 4498 redderent:
1302 4445 1380 4526 qua

784 4544 824 4620 U
1095 4569 1097 4574 ·
1219 4550 1380 4657 quidem
