3509 5175
683 392 911 536 [a]

218 626 351 707 nidum
371 646 514 731 pennas
533 622 749 717 extendere,
767 622 906 733 aliqua
925 622 984 719 vel
1004 622 1152 732 ingenii
1170 622 1227 703 sui
1247 648 1387 703 monu-

218 779 345 841 menta
373 759 416 839 in
445 786 696 839 communem
729 758 923 864 aspedium
956 760 1165 867 lucemque
1201 756 1386 867 proferre,

218 896 273 977 vel
289 895 423 977 saltem
444 895 572 975 alienae
588 895 710 975 laudis
730 892 877 993 affcelas
897 884 1132 1003 comitesque
1150 896 1192 974 in
1210 891 1316 974 orbis
1334 891 1386 969 li-

219 1036 326 1116 terati
345 1032 609 1115 celebritatem
627 1034 791 1145 prodire.

168 1170 169 1181 ’
269 1172 407 1279 Qum
438 1174 556 1281 igitur
583 1173 776 1283 permulta
803 1175 974 1254 viderem
1006 1174 1047 1251 in
1077 1172 1220 1253 scriniis
1250 1169 1387 1281 pallam

167 1372 168 1377 ,
219 1308 390 1415 negledla
410 1307 551 1413 jacere,
591 1308 630 1384 in
660 1306 802 1385 diversa
835 1308 1008 1396 materie,
1048 1306 1150 1385 sacra
1177 1306 1317 1414 pariter
1345 1308 1385 1383 dc

218 1440 384 1547 profana,
412 1442 453 1519 in
481 1440 628 1521 diverso
657 1440 780 1519 Metti
809 1467 965 1553 genere,
996 1436 1130 1544 Epicu,
1159 1438 1314 1547 Lyrico‚
1344 1440 1384 1517 dc

218 1580 558 1687 EpigrammaticO,
590 1577 731 1677 diverso
759 1580 920 1658 demum
949 1580 1203 1685 Linguarum,
1232 1576 1386 1667 Graec0,

218 1691 369 1810 Latine,
397 1717 508 1797 fimul
527 1718 566 1797 &
584 1719 786 1799 vernaculo
804 1720 988 1799 idiomate
1008 1714 1030 1794 a
1048 1714 1182 1794 nostris
1200 1713 1303 1795 haud
1324 1735 1387 1793 te·

219 1880 318 1934 mere
338 1852 544 1949 elaborata,
574 1856 766 1964 quendam
798 1855 819 1935 ὲ
852 1856 949 1935 meis
977 1854 1276 1944 Adolescentem
1299 1852 1387 1930 ido·
1430 1885 1433 1892 Δ

219 2016 348 2083 neum,
380 1992 518 2099 (quem
539 1992 812 2073 benevolentiae
828 1973 1045 2070 &honoris
1064 1989 1156 2097 ergd
1179 1986 1202 2066 ai
1225 2015 1290 2068 me
1309 2016 1385 2067 no·

219 2129 352 2209 minari
370 2130 610 2237 oportuerat)
631 2130 759 2210 sedulo
776 2129 980 2229 hortabar,
995 2146 1052 2219 ut,
1082 2154 1167 2234 quae
1186 2127 1226 2204 in
1248 2152 1385 2205 manus

219 2242 409 2357 venerant,
433 2268 545 2347 exiis
564 2266 629 2365 suo
649 2295 810 2375 quaeque
828 2293 965 2373 genere
976 2241 1131 2372 optima
1151 2283 1386 2369 excerperet,

220 2399 428 2511 refingeret,
458 2402 778 2511 publicaretque3
819 2406 872 2485 ita
896 2424 939 2485 ut
960 2402 1175 2485 Domicilio
1193 2384 1388 2481 severioris

163 2554 164 2567 ¹
218 2532 411 2616 literaturae
432 2532 729 2644 studiisfflsempcr
748 2535 1009 2631 florentissimo
1024 2536 1148 2641 aliqua
1166 2533 1318 2642 insuper
1338 2531 1389 2609 li-

163 2699 164 2710 *
218 2693 380 2756 terarum
407 2672 695 2767 humaniorum,
732 2675 859 2784 aliqua
887 2653 1009 2756 laudis
1038 2673 1251 2781 cujusdam,
1287 2697 1387 2779 pene

219 2811 401 2902 dixeram,
429 2835 537 2890 novae
556 2811 843 2890 commendatio
864 2812 1075 2891 accederet.
1287 2918 1291 2926 .

264 2947 309 3028 Id
329 2972 420 3026 vero
438 2947 562 3054 operis
581 2947 808 3029 inchoatum
828 2949 1020 3056 praeloque
1033 2948 1117 3054 jam
1137 2939 1385 3063 commissum

219 3103 304 3158 cum
334 3077 402 3156 ille
433 3077 547 3158 aliam
575 3077 623 3158 ad
652 3080 889 3188 provinciam
922 3079 1048 3158 subito
1079 3096 1257 3156 evocatus
1278 3077 1387 3159 dese-

220 3213 352 3304 ruillct,
367 3239 510 3321 ,neque
535 3212 635 3294 mihi
663 3215 899 3324 gravioribus
928 3216 1029 3330 curis
1055 3229 1241 3321 occuparo
1260 3212 1388 3325 otium

218 3351 440 3462 suppeteret,
469 3349 624 3460 aliisque
654 3378 766 3459 porro
792 3353 838 3432 ad
862 3352 1135 3461 exequendum
1156 3349 1296 3430 deellet
1315 3377 1388 3430 vo·

219 3486 355 3578 luntas,
383 3511 496 3566 exeo
515 3506 684 3596 tempore
703 3488 888 3598 pependit
909 3491 1181 3594 interruptum,
1203 3485 1389 3594 haefitque

218 3624 252 3704 in
266 3623 378 3706 eursu
393 3649 460 3731 per
473 3622 706 3706 decennium
722 3625 970 3732 imperfectus
985 3624 1103 3703 labor.
1132 3621 1388 3736 Incommode

220 3761 374 3868 quidem
394 3760 533 3841 accidit
552 3759 635 3839 haee
654 3759 845 3847 Editionis
866 3761 1043 3870 susceptae
1068 3787 1205 3850 mora3
1236 3759 1295 3846 ¹ita
1325 3775 1386 3838 ta·

219 3925 317 3994 men,
347 3915 392 3980 ut
412 3899 706 4008 potius'consrlia
726 3928 811 3980 mea
831 3903 990 4010 privata,
1010 3927 1131 4009 quam
1147 3898 1386 4008 expediatio-

219 4063 305 4118 nem
323 4035 523 4145 publicam
540 4036 730 4120 fefellerit.
773 4037 969 4119 Dolebam
982 4042 1074 4119 lane
1091 4039 1290 4147 inceptum
1311 4036 1387 4126 hoc

218 4175 415 4272 laudabile,
443 4177 551 4284 cujus
581 4177 786 4286 aliquando
816 4177 990 4259 hortator
1009 4198 1125 4286 atque
1144 4179 1293 4284 adjutor
1310 4174 1386 4276 fui,

190 4390 193 4401 .
219 4312 360 4417 prorsus
378 4313 632 4401 intercidere:
669 4315 708 4394 de
728 4315 934 4425 cupiebam
958 4315 1070 4396 fimul
1090 4315 1249 4396 meliore
1269 4313 1387 4419 digna

1305 4449 1387 4527 sato
