3509 5175
637 369 958 622 [soal

202 703 300 755 rem.
345 673 511 756 Proinde
532 674 749 786 depositum
770 675 865 756 adeo
886 702 965 754 non
985 675 1169 785 prodidit,
1190 677 1373 787 utusque

199 813 476 894 conservaverit
495 813 753 895 inviolatum:
799 838 882 893 rem
900 812 990 892 fidei
1009 814 1255 894 commissam
1273 818 1372 897 adeo

200 978 280 1028 non
303 977 370 1056 per
387 950 581 1058 ignaviam
600 949 783 1056 neglexit,
812 967 878 1028 aut
904 975 974 1057 per
1003 949 1198 1030 luxuriem
1216 951 1372 1059 diffipa-

199 1084 267 1175 vit,
301 1100 344 1161 ut
363 1084 487 1162 etiam«
500 1082 709 1162 reddiderit
729 1082 954 1171 auctiorem,
974 1101 1018 1160 ut
1037 1082 1112 1160 sine
1132 1078 1266 1161 fraude
1286 1080 1325 1157 T
1327 1109 1373 1160 a·
1450 1094 1453 1100 '

198 1217 349 1298 lentum
374 1217 528 1330 insuper
553 1219 592 1296 T
596 1219 722 1299 alento
750 1218 1060 1312 accumulaverit,
1090 1247 1111 1298 a
1137 1220 1226 1299 Deo
1252 1219 1373 1298 meti-

199 1371 330 1433 torum
346 1353 477 1458 judice
493 1349 670 1462 supremo
687 1355 899 1462 diligentiae
917 1356 957 1433 dc
975 1353 1176 1460 probitatis
1197 1355 1371 1434 testimo·-

197 1491 313 1570 nium
328 1488 587 1572 honorificum
602 1491 713 1571 simul
730 1493 770 1572 bc
785 1491 1293 1601 mercedemampliffirnam
1312 1519 1373 1571 re-

197 1639 432 1728 portaturus.
476 1643 520 1699 Ευ
539 1619 656 1718 anaba
678 1613 757 1699 dlsxa
777 1655 860 1711 aare,
891 1656 985 1708 ans-ee
1001 1659 1037 1716 ης
1057 1623 1111 1702 trr'
1127 1621 1371 1727 entym'xa'lo·

196 1781 284 1836 ςησω
304 1781 336 1825 σε
356 1777 409 1824 aar
429 1759 537 1826 valna·
568 1743 704 1824 urende
722 1778 765 1830 ete
781 1779 833 1838 την
850 1779 963 1860 χῶραν
982 1771 1135 1859 eslmpx
1149 1781 1201 1828 aa.

250 1881 435 1962 Profecto
463 1880 773 1989 indignabundus
803 1880 1003 1960 miraberis
1031 1883 1221 1962 virtutum
1239 1899 1370 1982 tanta·

195 2040 288 2092 rum
313 2013 586 2092 obtredtatores
613 2011 709 2091 ullos
735 2010 913 2091 extitisse.
964 2010 1039 2090 Sed
1067 2039 1146 2090 non
1180 2013 1233 2092 est
1263 2013 1368 2094 diffi-

194 2145 429 2224 mulandum
450 2145 488 2222 in
516 2143 644 2222 castris
664 2143 801 2225 nostris
820 2142 1105 2238 Ecclesrasticis,
1135 2146 1293 2253 perinde
1321 2175 1368 2227 ac

193 2277 445 2367 militaribus,
464 2278 659 2386 gregarios
679 2277 866 2384 quosdam
887 2277 1061 2370 existere,
1081 2281 1162 2387 qui,
1180 2308 1274 2360 curn
1294 2283 1373 2358 mi-

192 2409 289 2488 litiae
309 2408 381 2488 suae
400 2410 573 2516 graviora
593 2407 749 2516 negotia
767 2409 990 2503 detrectent,
1011 2436 1078 2517 per
1095 2411 1289 2518 ignaviam
1308 2413 1372 2494 vel

190 2542 425 2650 proterviam
453 2560 587 2622 contra
615 2541 897 2650 Imperatorem
923 2541 1173 2623 seditionibus
1200 2543 1370 2652 grassan-

191 2696 256 2757 tur
281 2714 295 2771 ς
335 2678 376 2757 in
405 2678 516 2757 illum
547 2678 660 2757 unice
688 2677 977 2779 criminationes
1008 2706 1144 2759 omnes
1172 2681 1368 2786 rejiciunt,

191 2808 297 2887 dista
316 2806 495 2916 factaque
517 2810 649 2887 omnia
666 2807 707 2885 in
720 2808 906 2887 sinistram
920 2829 1071 2917 partem
1085 2794 1240 2919 rapiunt
1251 2848 1265 2906 3
1292 2813 1365 2893 rati

190 2942 338 3021 scilicet
354 2941 395 3020 in
416 2958 571 3020 tantum
590 2937 760 3018 insamiae
775 2938 847 3017 suae
863 2939 1151 3019 excusationem
1171 2938 1367 3037 accedere,

189 3092 388 3181 quantum
416 3071 464 3150 de
491 3068 595 3151 illius
619 3070 824 3151 virtutibus
853 3068 1099 3149 detraxerint.
1148 3068 1368 3154 Istiusmodi

188 3210 403 3291 hominum
432 3204 661 3286 offensiones
694 3231 900 3313 provocare
933 3203 972 3283 oc
1005 3223 1253 3284 contemnere
1287 3233 1366 3287 non

188 3344 359 3425 minima
378 3338 432 3417 est
450 3337 686 3421 fortitudinis
705 3334 1021 3419 commendatio:
1066 3334 1154 3414 sunt
1182 3334 1266 3415 haec
1292 3363 1367 3446 op·

186 3472 348 3583 probria
367 3469 486 3549 laudi.
1295 3546 1303 3559 ,

244 3604 357 3711 Qtid
377 3601 519 3711 porro?
548 3596 720 3683 nullosne
739 3600 893 3706 egregio
911 3596 989 3678 hoc
1008 3600 1047 3678 in
1062 3626 1221 3710 corpore
1240 3627 1367 3685 naevos

185 3739 394 3851 conspicis,
424 3739 463 3817 dc
488 3734 649 3815 omnino
673 3731 773 3811 nihil
800 3732 906 3841 quod
926 3732 1202 3842 reprehendere
1221 3736 1365 3845 poffis?

185 3874 326 3951 Immo
345 3896 434 3949 vero
452 3866 639 3973 quiddam
657 3863 856 3972 singulare,
870 3867 910 3943 δε
921 3862 1044 3945 forsan
1056 3864 1100 3944 id
1113 3865 1240 3976 ipsum
1255 3869 1364 3976 quod

182 4006 365 4115 plerique
382 4000 538 4081 laudant
557 3998 683 4107 potius
705 3998 744 4076 ὅσ
763 3996 1029 4089 admirantur,
1064 3996 1228 4076 nimiam
1253 3998 1361 4079 scili·

181 4162 249 4225 cet
270 4138 499 4221 facilitatem
517 4134 626 4215 illam
645 4137 885 4216 &sareanen
929 4132 1126 4241 Equidem
1154 4134 1197 4211 in
1224 4133 1365 4242 Magi·

182 4274 310 4357 stratu
329 4269 461 4381 potius
479 4267 731 4377 pertinaciam
746 4266 941 4375 quandam
953 4265 1109 4375 imperii
1125 4265 1165 4341 δι
1184 4292 1366 4376 arrogan-

179 4410 288 4491 tiam
318 4402 501 4513 requiro:
545 4404 583 4485 &
608 4401 693 4495 sane
719 4400 769 4483 stc
791 4398 980 4495 existimo,
1010 4396 1212 4519 Siquidem
1230 4401 1301 4483 Ille
1320 4404 1365 4483 in

482 4550 491 4561 ·
1137 4528 1363 4638 Republica
