3509 5175
809 436 833 579 [
908 454 971 542 ¹0
1039 440 1068 581 ]

351 672 546 757 monium.
591 666 708 775 Juva't
724 668 766 751 in
787 663 1050 749 adolescentia
1068 663 1146 749 tuis
1164 660 1235 748 iub
1255 658 1430 780 auspiciis
1449 671 1538 749 tra·
1590 747 1591 774 Ν

353 806 476 889 duuae
493 796 871 883 memoriam-redire
901 798 1112 883 ullimam':
1155 796 1249 881 inde
1274 802 1382 883 enim
1410 800 1540 912 usque
1590 789 1591 872 ἶ

353 947 528 1051 repetens
547 936 657 1018 video
674 955 713 1017 te
732 936 833 1017 inihi
853 934 971 1047 atque
991 935 1088 1017 adeo
1107 920 1207 1016 Tuis
1227 934 1409 1017 omnibus
1428 933 1539 1015 exti-

347 1076 437 1156 tisse
456 1075 652 1185 optimu'm
671 1068 888 1154 studiorum
908 1073 1075 1182 vitaque
1087 1068 1272 1164 Ducem,
1300 1068 1538 1161 Patronum,

353 1204 660 1301 Moderatorem‚
680 1202 848 1301 confilio,
868 1202 1136 1301 beneficentia,
1156 1206 1377 1299 autoritate,
1398 1230 1541 1285 exem-

352 1338 445 1450 plo;
470 1344 516 1422 ‘hs
546 1336 732 1421 eonr'lnuo
762 1342 831 1419 aevl
864 1335 1142 1450 progredientis
1169 1338 1369 1420 historiam
1397 1362 1539 1418 comes

353 1476 523 1587 sequitur
552 1472 708 1556 ‘tuorum
742 1476 958 1555 recordatio
989 1472 1279 1555 beneficiorum.
1329 1470 1431 1553 ‘Haec
1459 1472 1539 1552 tibi

353 1608 501 1718 semper
519 1604 654 1686 adsunt
673 1632 750 1687 non
772 1624 854 1687 tam
883 1606 1052 1716 privatae,
1083 1632 1204 1716 quam
1233 1604 1400 1714 publicae
1426 1604 1539 1685 vocis
1592 1665 1593 1668 a

353 1732 555 1849 suffragia:
597 1766 646 1819 en
669 1740 952 1849 praeconiorum
981 1738 1097 1821 instar
1127 1739 1320 1832 omnium,
1349 1736 1540 1819 Tuorum

352 1874 573 1954 communis
592 1870 727 1953 amor!
767 1870 939 1952 Difficile
961 1872 1121 1982 quidem
1141 1866 1243 1953 milri
1262 1868 1317 1949 est
1335 1869 1384 1952 de
1404 1884 1443 1950 te
1462 1896 1539 1949 co·

352 2006 491 2113 gitauti
509 2005 569 2086 vel
583 2024 708 2086 tacere
723 2005 886 2115 prorsus,
901 2001 961 2085 vel
976 2006 1017 2086 in
1033 2004 1200 2086 dicendo
1210 2005 1374 2085 modum
1388 2020 1538 2097 tenere,

355 2141 1540 2255 itautnequenegligenterfrigida,nequeimportuneofficiosa
1593 2159 1594 2168 ‘

349 2257 530 2359 ‘videatur
547 2276 683 2357 oratio.
723 2276 801 2358 Pro
814 2296 920 2357 certo
937 2277 1029 2359 scias
1047 2272 1155 2358 illam
1173 2294 1327 2359 tantum
1346 2274 1470 2357 abefl'e
1487 2275 1539 2355 ab

355 2408 586 2499 adulatione,
615 2416 808 2515 quantum
824 2386 942 2488 'abest
969 2405 1233 2490 lneceffitate.
1276 2408 1395 2489 Vides
1414 2434 1539 2519 qoam

354 2528 473 2627 libere
490 2544 529 2626 δι
547 2539 791 2626 familiariter
809 2562 942 2626 tecum
961 2543 1120 2653 egerim,
1139 2546 1237 2627 dum
1252 2542 1330 2626 hoc
1344 2542 1539 2656 quicquid

356 2668 410 2757 est
430 2675 595 2788 epistola
621 2673 675 2754 ita
705 2677 934 2769 ornaverim,
964 2693 1008 2755 ut
1035 2700 1113 2757 non
1142 2697 1225 2758 tam
1252 2676 1540 2772 Dedicationis,

355 2823 474 2916 quam
493 2791 729 2888 Praefationis
748 2805 916 2919 speciem
947 2829 1023 2917 prae
1051 2811 1088 2890 se
1113 2809 1226 2902 ferat,
1256 2835 1337 2890 non
1358 2827 1440 2890 tam
1459 2809 1538 2891 Pa·

356 2961 469 3026 trono
493 2959 561 3054 pro
586 2971 696 3022 more
722 2941 888 3024 honores
913 2945 1105 3026 ostentans
1125 2946 1222 3042 suos,
1250 2943 1370 3056 quim
1388 2945 1538 3028 Lecto·

356 3090 439 3160 rem
460 3078 509 3158 de
528 3095 642 3186 opere
661 3075 837 3157 instituto
868 3077 1049 3186 quadam
1079 3076 1326 3187 submonens.
1382 3078 1539 3186 Qidni

358 3221 504 3306 autem,
531 3211 629 3292 ilu'm
649 3210 856 3289 Lectorem
875 3210 1021 3319 alloqui
1045 3212 1190 3306 videor,
1219 3211 1276 3294 fas
1301 3214 1376 3293 erit
1401 3214 1451 3293 de
1481 3233 1538 3309 te,

359 3353 543 3458 tanquam
572 3342 739 3438 absente,
777 3340 935 3424 liberius
964 3341 1107 3435 dicere,
1148 3344 1201 3438 δι,
1230 3372 1325 3455 quas
1357 3361 1402 3426 tu
1434 3344 1540 3428 solus

359 3481 538 3560 omnium
563 3475 705 3560 nescire
723 3477 876 3569 videris,
906 3475 1037 3556 laudes
1062 3505 1141 3558 non
1159 3476 1422 3559 dlffimulare?
1479 3479 1541 3559 At

360 3631 463 3706 uero,
476 3593 577 3692 ¹dnm
598 3611 662 3690 alii
683 3609 731 3690 de
752 3609 861 3691 nobis
880 3609 980 3690 bona
999 3613 1136 3693 dicunt
1153 3610 1300 3703 omnia,
1319 3608 1541 3718 nostrasque

362 3766 399 3824 te
419 3748 565 3855 sospite,
596 3745 770 3824 fortunas
790 3743 960 3838 laudant,
990 3745 1085 3826 abfit
1105 3762 1149 3826 ut
1167 3745 1236 3853 ipfi
1254 3745 1413 3825 interim
1439 3745 1542 3825 tanti

361 3880 613 3958 immemores
631 3874 809 3955 beneficii
823 3875 1035 3958 videamur.
1062 3878 1151 3957 lmo
1164 3876 1290 3986 potius
1304 3875 1352 3955 ad
1365 3873 1540 3984 posteros

363 4009 525 4092 transeat
542 4005 626 4089 haec
645 4007 777 4086 nostrae
796 4007 1061 4116 gratulationis
1081 4007 1283 4100 memoria,
1313 4005 1421 4115 quod
1445 4031 1543 4087 eum

356 4119 492 4226 uirum
532 4119 635 4223 iloll.
661 4137 777 4253 Corp.
805 4137 904 4223 Chr.
931 4159 994 4226 tot
1022 4165 1142 4224 annos
1170 4137 1240 4219 fibi
1268 4134 1542 4218 Praefidentem

359 4273 554 4378 habuerit,
591 4275 726 4390 quiin
752 4273 965 4372 Academia
993 4275 1182 4362 continuo
1214 4271 1269 4356 ita
1298 4271 1412 4379 vixit,
1443 4288 1492 4354 ut
1516 4267 1543 4352 ὲ

256 4417 259 4424 ’
543 4429 546 4438 ⁴
1426 4405 1541 4493 cultu
