3509 5175
809 412 851 573 s
910 433 1015 538 2⁸0
1076 431 1110 574 ]ἶ

437 657 583 746 Adeste
602 657 742 741 animis
760 675 956 770 quotquot
974 657 1050 742 hac
1068 657 1110 740 in
1127 655 1224 741 urbe
1242 659 1349 770 regia
1365 655 1564 744 Paroeciass

381 816 473 880 tum
490 801 625 877 curam
639 794 796 904 geritis:
826 793 1092 888 admiremini,
1120 791 1400 893 Londinenses,
1427 797 1562 906 fingu-

381 934 463 1018 lare
480 930 556 1012 hoc
575 930 814 1040 Diligentius,
840 918 1140 1023 Moderationis,
1168 931 1352 1027 Solertiae,
1382 933 1426 1012 tc
1445 933 1562 1013 Sanc-

382 1065 504 1146 titatis
523 1061 747 1171 exemplari
793 1062 1004 1172 exemplar,
1030 1063 1073 1144 in
1092 1061 1231 1144 officiis
1250 1061 1562 1148 Sacerdotalibus

382 1199 586 1294 obeundis,
613 1198 643 1278 fi
671 1197 765 1307 quid
794 1198 913 1290 aliud,
942 1196 1047 1278 hisce
1069 1216 1175 1278 certe
1196 1200 1445 1310 temporibus
1465 1226 1559 1278 con·

386 1325 740 1420 summatiffimum,
759 1321 872 1438 quale
888 1327 997 1409 vobis
1016 1345 1083 1409 aut
1102 1329 1336 1412 documento
1355 1329 1484 1412 suerit
1502 1343 1561 1408 aut

386 1459 620 1574 opprobrio!
659 1555 663 1563 g

270 1697 272 1701 ι
448 1582 706 1675 Meministin’
726 1593 898 1676 Comitia
926 1593 1159 1678 Oxonienfia
1186 1591 1342 1706 publice
1367 1595 1560 1678 celebrata

388 1722 440 1810 A.
453 1725 508 1806 D.
529 1753 602 1837 ¹73
609 1752 629 1831 3
650 1726 675 1827 ἓι
692 1725 846 1834 Ecquid
865 1723 922 1803 ibi
937 1725 1078 1806 Noster
1096 1725 1177 1817 ille,
1196 1726 1397 1808 noviffime
1419 1726 1507 1806 LL.
1516 1725 1560 1804 D.

387 1863 570 1962 creatus?
601 1863 690 1942 Imo
703 1889 793 1942 vero
807 1861 846 1940 id
865 1857 995 1969 ipsum
1013 1861 1200 1970 prestitit,
1218 1865 1323 1974 quod
1338 1863 1562 1942 Academia

389 1994 468 2077 fuit
486 1994 625 2075 honori
643 1995 682 2075 δι
706 1995 799 2073 Sibi.
840 1993 1075 2076 Audivimus
1105 1997 1219 2076 illum
1249 1997 1348 2078 inter
1372 1995 1561 2076 Dostores

388 2129 674 2236 disputantem²
694 2144 773 2206 tam
792 2141 974 2237 prompte
987 2129 1027 2206 dc
1040 2129 1242 2222 subtiliter,
1261 2147 1306 2210 ut
1324 2157 1375 2208 ex
1396 2125 1479 2207 hac
1498 2125 1561 2206 levi
1588 2175 1589 2188 κ

386 2257 609 2370 praelusione
629 2256 692 2336 seu
714 2257 937 2338 velitatione
952 2244 1274 2367 intelligeremus,
1300 2259 1399 2366 quid
1421 2258 1466 2336 in
1486 2283 1562 2336 cer·
1588 2243 1589 2256 Ν

391 2394 539 2498 tamine
559 2393 714 2472 statario
733 2393 883 2472 efficere
902 2392 1033 2503 posset.
1065 2394 1298 2477 Audivimus
1317 2396 1358 2474 in
1378 2392 1561 2500 frequen·

391 2525 535 2615 riffimo
556 2524 885 2606 Academicorum
913 2544 1106 2625 conventu
1132 2527 1189 2607 ita
1216 2528 1520 2611 concionantem
1534 2526 1560 2619 b,

388 2680 438 2747 ‚ut
454 2659 692 2768 Eloquentia
710 2660 753 2737 in
774 2658 921 2757 Rostris
939 2684 1140 2767 nunquam
1170 2663 1294 2769 magis
1326 2658 1559 2767 triumphare

392 2796 596 2885 videretur,
635 2804 757 2898 quam
790 2792 830 2869 in
864 2791 1110 2873 Academica
1142 2793 1350 2905 disciplinas
1386 2792 1558 2873 laudibus

390 2929 655 3041 praedicandis.

438 3067 511 3169 ‚De
530 3062 713 3143 facultate
734 3089 823 3141 vero
844 3061 951 3143 illius
966 3062 1147 3147 Oratoria
1166 3038 1260 3175 quid
1279 3092 1353 3172 ego
1370 3084 1492 3173 porro
1507 3064 1558 3143 di·

391 3195 507 3277 cam?
536 3194 729 3303 Singulari
749 3194 840 3295 sane„
854 3194 935 3286 illa,
952 3198 993 3275 bo
1008 3196 1056 3277 ad
1076 3197 1209 3305 populi
1227 3196 1459 3277 cordatioris
1475 3224 1557 3305 cap-

387 3354 497 3431 tum,
523 3332 792 3446 potiusquam
816 3331 1053 3434 Criticorum
1082 3332 1290 3437 hominum
1318 3358 1433 3412 aures
1461 3330 1557 3413 fasti·

385 3465 527 3572 diosas,
557 3463 875 3546 accommodata!
915 3464 1019 3543 Utut
1045 3492 1137 3555 vero
1158 3462 1239 3544 haec
1267 3463 1355 3553 sint,
1386 3464 1444 3545 est
1473 3494 1557 3573 pro·

385 3601 494 3702 ,festo
512 3602 617 3709 quod
633 3600 929 3708 &Reipublicae
942 3600 1173 3702 &Ecclesia
1190 3601 1445 3710 gratulemur,
1467 3602 1558 3683 hunc

273 3769 303 3843 Ι·
386 3752 587 3837 'oratorem
617 3732 790 3817 nostrum
820 3734 860 3812 do
889 3732 995 3815 sama
1024 3737 1063 3813 δε
1083 3734 1204 3842 gratia
1223 3751 1379 3815 tantum
1400 3733 1556 3827 valuisirr,

394 3887 439 3972 ut
457 3869 498 3947 in
518 3893 564 3945 eo
583 3865 675 3979 ipso,
709 3894 788 3974 quo
815 3867 987 3987 prodesse
1015 3870 1129 3949 unice
1159 3867 1316 3963 studuit,
1344 3866 1423 3949 suis
1447 3870 1557 3949 etiam
1586 3924 1587 3951 r

394 4003 593 4114 placuerit.

451 4141 604 4222 Eccum
623 4165 711 4217 vero
728 4135 737 4215 l
754 4138 921 4248 -Qid
940 4138 1155 4220 meditatur·
1168 4136 1235 4219 ille
1254 4137 1457 4259 Ordinum
1477 4168 1553 4221 om·

395 4267 508 4348 nium
530 4266 577 4345 ad
598 4263 824 4358 Ecclesiam,
853 4263 975 4347 veluti
1000 4266 1050 4346 ad
1068 4264 1303 4363 Theatrum,
1330 4267 1553 4359 concursus?

435 4459 453 4497 a
472 4436 507 4494 In
520 4434 661 4505 Theano,
677 4432 947 4500 Comitiorum'die.
1113 4446 1116 4453 '

436 4531 457 4592 b
478 4528 536 4592 Die
552 4526 765 4612 Dominicmn
775 4527 904 4607 Templo
916 4529 951 4590 B.
961 4524 1056 4592 ΜΝ.
1215 4632 1218 4639 Ι
1460 4522 1555 4635 Qid
