3509 5175
812 400 838 539 r
918 379 1107 539 ιω]

367 623 597 707 Reverendo
617 622 711 706 huic
725 619 828 719 Seni,
849 625 971 707 veluti
991 626 1069 707 vita
1078 625 1164 735 jam
1184 623 1379 740 desundo,
1398 652 1529 735 paren·

366 760 458 843 talia
485 764 664 871 quaedam
691 766 913 875 persolvere,
944 792 1037 885 cum
1068 766 1124 845 ita
1155 764 1302 873 semper
1329 767 1469 846 vixerit
1491 782 1529 845 ut

367 912 555 989 mortuus,
570 896 734 980 fortunae
747 914 992 1008 contemptor
1006 917 1122 1008 atque
1139 895 1275 979 fatnae:
1305 900 1387 979 imo
1400 898 1529 979 etiam·

270 1061 273 1076 ·
366 1054 465 1109 num
483 1056 674 1112 marmore
693 1034 889 1145 epitaphio
907 1030 1055 1113 surdior
1074 1033 1266 1172 praeconip
1290 1059 1370 1112 non
1395 1032 1538 1141 agnos·

324 1191 331 1197 ·
367 1181 430 1241 cat
449 1162 525 1242 sua.

384 1286 388 1295 ’
423 1295 490 1379 An
509 1321 627 1406 porro
645 1295 783 1378 frustra
799 1325 873 1407 ego
892 1315 929 1379 te
954 1300 1002 1379 ad
1023 1298 1111 1381 Gal.
1130 1299 1374 1409 Greenaway,
1403 1326 1446 1376 rs
1462 1330 1529 1403 pa-

367 1461 498 1541 rmper,
525 1432 757 1521 memoriam
778 1436 1027 1518 recolendam
1046 1463 1181 1517 vocare
1199 1437 1345 1529 videor,
1362 1458 1459 1516 cum
1476 1434 1532 1512 in·

316 1612 320 1617 ·
368 1563 519 1673 telligas
549 1569 737 1653 virtutum
769 1570 850 1651 sere
880 1569 1062 1655 omnium
1093 1588 1287 1681 quotquot
1312 1574 1353 1653 in
1378 1570 1532 1652 homine

368 1702 590 1786 academico
624 1709 886 1814 requiruntur,
924 1699 1336 1793 commemorationem
1367 1708 1410 1786 in
1442 1704 1532 1785 illius

370 1822 556 1917 defide‘rio
585 1833 804 1918 contineri?
846 1864 967 1953 quam
998 1841 1038 1920 δε
1069 1840 1238 1949 posteris,
1268 1842 1316 1924 ad
1343 1860 1446 1948 quos
1471 1866 1531 1917 ex·

369 1969 490 2081 empli
504 1971 607 2057 fama
623 1976 850 2081 pervenerit,
871 1976 988 2084 usque
1003 1975 1243 2086 profuturam
1258 1976 1379 2087 spero,
1400 1998 1532 2083 quam-

369 2110 440 2197 diu
458 2110 666 2196 hominum
686 2108 826 2196 animis
846 2116 939 2201 teeti
959 2116 1116 2226 verique
1137 2116 1260 2197 sensus
1280 2114 1476 2204 insederit,
1501 2112 1532 2191 δι

368 2246 410 2325 in
430 2246 644 2331 Academia
674 2248 867 2367 religionis
894 2250 934 2331 bc
963 2249 1161 2340 literatum
1185 2244 1308 2333 studia
1326 2246 1527 2335 floruerint.

370 2377 459 2488 Ego
480 2386 639 2493 quidem
662 2388 878 2495 reipublicae
900 2384 1028 2467 vestrae
1057 2390 1111 2468 ita
1140 2388 1238 2469 bene
1266 2388 1395 2497 cupio,
1427 2404 1472 2465 ut
1491 2382 1531 2461 fi-

370 2518 455 2606 'mul
474 2520 631 2628 cupiam
650 2520 776 2601 civem
796 2548 997 2631 nunquam
1025 2523 1132 2602 vobis
1159 2519 1307 2612 defore,
1336 2518 1405 2598 tali
1432 2518 1530 2624 inge·

370 2660 438 2739 nio
458 2659 666 2766 animoque
682 2656 887 2767 praeditum
905 2691 915 2740 ε
945 2689 1024 2770 quo
1039 2665 1127 2742 saue
1143 2688 1260 2744 nemo
1282 2685 1459 2766 unquam
1477 2684 1532 2736 ex-

370 2792 452 2877 titit
472 2795 758 2905 disciplinatum
774 2797 989 2876 liberalium
1006 2795 1253 2884 studiosior&
1270 2815 1380 2875 autor
1394 2793 1438 2875 bc
1451 2791 1532 2871 hor·

371 2950 496 3025 tator3
535 2963 615 3042 quo
640 2936 875 3044 Praeceptore
904 2936 1001 3018 nihil
1030 2935 1163 3017 scholae
1194 2958 1366 3040 unquam
1387 2922 1532 3010 ollaru-

372 3098 529 3174 xarrpor3
565 3095 643 3176 quo
663 3069 791 3148 Sodali
819 3070 860 3154 in
893 3067 1170 3148 consuetudine
1205 3063 1414 3146 domestica
1449 3059 1533 3140 nihil

370 3200 584 3294 candidius,
603 3200 702 3283 nihil
719 3232 898 3311 xaprreapor
916 3201 1094 3286 Charites
1113 3201 1196 3306 ipsae
1213 3234 1227 3289 ς
1257 3198 1296 3276 in
1317 3195 1454 3278 officiis
1474 3193 1531 3274 de·

370 3336 486 3423 mum
505 3339 669 3449 publicis
688 3339 984 3446 quibuscunque
1011 3333 1108 3416 nihil
1138 3324 1429 3438 anadhpraanpu
1454 3353 1531 3438 pto·

374 3461 506 3545 tulerit
525 3463 744 3542 Academia.
1401 3469 1405 3477 ’

430 3588 548 3671 Haud
567 3586 652 3666 sane
672 3588 858 3694 patienter
876 3583 1092 3695 quidquam
1111 3582 1345 3666 dissimularc
1359 3577 1473 3668 soleo,
1498 3580 1530 3658 iu

375 3749 454 3840 quo
473 3722 625 3800 animus
644 3720 742 3800 mihi
762 3721 960 3828 aliquanto
975 3733 1272 3830 commovetur5
1302 3736 1419 3822 atque
1435 3713 1530 3803 adeo,

320 3893 326 3900 ·
375 3887 467 3941 cum
500 3855 599 3940 nihil
627 3856 707 3939 sere
736 3858 951 3966 antiquius,
991 3854 1090 3936 nihil
1115 3853 1328 3961 jucundius
1360 3849 1529 3936 habeam,

373 4029 495 4112 quam
525 3998 804 4090 amicitiarum,
846 3996 988 4106 quibus
1021 3996 1108 4076 usus
1137 3995 1222 4074 sum
1255 3989 1529 4076 honestiffimis,

375 4138 621 4228 memoriam,
650 4133 772 4224 fateor
791 4134 890 4219 mihi
911 4133 985 4234 hac
1010 4131 1049 4213 in
1074 4151 1182 4241 parte
1203 4129 1346 4238 stylum
1365 4126 1531 4208 licentius

376 4276 527 4391 evagari
553 4276 593 4353 bo
621 4275 803 4357 exultare.
858 4275 914 4358 Et
942 4271 1029 4350 sane
1061 4272 1267 4362 virtutum,
1298 4265 1529 4374 quascunque

376 4412 580 4506 habuerim
607 4440 712 4519 caras
736 4432 803 4507 aut
826 4409 1075 4510 venerabiles,
1116 4403 1442 4496 commemoratio
1467 4397 1529 4508 ipsa

1299 4529 1302 4536 '
1480 4533 1529 4592 rue
