<?xml version="1.0" encoding="UTF-8"?>
<!DOCTYPE html PUBLIC "-//W3C//DTD XHTML 1.0 Transitional//EN"
    "http://www.w3.org/TR/xhtml1/DTD/xhtml1-transitional.dtd">
<html xmlns="http://www.w3.org/1999/xhtml" xml:lang="en" lang="en">
 <head>
  <title>
</title>
<meta http-equiv="Content-Type" content="text/html;charset=utf-8" />
  <meta name='ocr-system' content='tesseract 3.04.00' />
  <meta name='ocr-capabilities' content='ocr_page ocr_carea ocr_par ocr_line ocrx_word'/>
</head>
<body>
  <div class='ocr_page' id='page_1' title='image "./opusculamiscell01burtgoog_0121.png"; bbox 0 0 3509 5175; ppageno 0'>
   <div class='ocr_carea' id='block_1_1' title="bbox 640 441 935 619">
    <p class='ocr_par' dir='ltr' id='par_1_1' title="bbox 640 441 935 619">
     <span class='ocr_line' id='line_1_1' title="bbox 640 441 935 619; baseline 0.014 -37"><span class='ocrx_word' id='word_1_1' title='bbox 640 441 935 619; x_wconf 73' lang='lat'>[103]</span> 
     </span>
    </p>
   </div>
   <div class='ocr_carea' id='block_1_2' title="bbox 189 637 1524 781">
    <p class='ocr_par' dir='ltr' id='par_1_2' title="bbox 189 637 1524 781">
     <span class='ocr_line' id='line_1_2' title="bbox 189 637 1524 781; baseline 0.003 -33"><span class='ocrx_word' id='word_1_2' title='bbox 189 665 436 774; x_wconf 79' lang='lat' dir='ltr'><em>familiariter</em></span> <span class='ocrx_word' id='word_1_3' title='bbox 453 663 675 777; x_wconf 82' lang='lat' dir='ltr'><em>differentem,</em></span> <span class='ocrx_word' id='word_1_4' title='bbox 703 666 870 778; x_wconf 88' lang='lat' dir='ltr'><em>quicquid</em></span> <span class='ocrx_word' id='word_1_5' title='bbox 882 637 1200 779; x_wconf 71' lang='lat' dir='ltr'><em>dignumstape&#39;ente</em></span> <span class='ocrx_word' id='word_1_6' title='bbox 1215 667 1383 781; x_wconf 87' lang='lat' dir='ltr'><em>bonoque,.</em></span> <span class='ocrx_word' id='word_1_7' title='bbox 1521 697 1524 704; x_wconf 82' lang='grc'><strong>’</strong></span> 
     </span>
    </p>
   </div>
   <div class='ocr_carea' id='block_1_3' title="bbox 201 797 1408 3996">
    <p class='ocr_par' dir='ltr' id='par_1_3' title="bbox 201 797 1384 1436">
     <span class='ocr_line' id='line_1_3' title="bbox 201 797 1384 913; baseline 0.008 -33"><span class='ocrx_word' id='word_1_8' title='bbox 201 798 291 910; x_wconf 91' lang='lat' dir='ltr'><em>quod</em></span> <span class='ocrx_word' id='word_1_9' title='bbox 315 799 360 880; x_wconf 68' lang='lat' dir='ltr'><em>ld</em></span> <span class='ocrx_word' id='word_1_10' title='bbox 375 798 446 908; x_wconf 84' lang='lat' dir='ltr'><em>ipse</em></span> <span class='ocrx_word' id='word_1_11' title='bbox 458 799 588 906; x_wconf 79' lang='lat' dir='ltr'><em>sentit,</em></span> <span class='ocrx_word' id='word_1_12' title='bbox 615 797 707 913; x_wconf 90' lang='lat' dir='ltr'><em>quod</em></span> <span class='ocrx_word' id='word_1_13' title='bbox 722 798 794 896; x_wconf 80' lang='lat' dir='ltr'><em>titi</em></span> <span class='ocrx_word' id='word_1_14' title='bbox 811 799 955 911; x_wconf 87' lang='lat' dir='ltr'><em>placeat</em></span> <span class='ocrx_word' id='word_1_15' title='bbox 963 799 1077 908; x_wconf 81' lang='lat' dir='ltr'><em>semul</em></span> <span class='ocrx_word' id='word_1_16' title='bbox 1090 804 1136 892; x_wconf 56' lang='grc' dir='ltr'><em>δέ,</em></span> <span class='ocrx_word' id='word_1_17' title='bbox 1154 805 1276 910; x_wconf 69' lang='lat' dir='ltr'><em>profit.</em></span> <span class='ocrx_word' id='word_1_18' title='bbox 1318 807 1384 888; x_wconf 79' lang='grc' dir='ltr'><em>Ο..</em></span> 
     </span>
     <span class='ocr_line' id='line_1_4' title="bbox 201 931 1374 1046; baseline 0.003 -37"><span class='ocrx_word' id='word_1_19' title='bbox 201 932 321 1012; x_wconf 87' lang='lat' dir='ltr'><em>rotari</em></span> <span class='ocrx_word' id='word_1_20' title='bbox 346 935 531 1016; x_wconf 85' lang='lat' dir='ltr'><em>Romano</em></span> <span class='ocrx_word' id='word_1_21' title='bbox 549 931 683 1015; x_wconf 84' lang='lat' dir='ltr'><em>laudem</em></span> <span class='ocrx_word' id='word_1_22' title='bbox 712 949 846 1044; x_wconf 85' lang='lat' dir='ltr'><em>quanta</em></span> <span class='ocrx_word' id='word_1_23' title='bbox 873 950 1006 1046; x_wconf 88' lang='lat' dir='ltr'><em>quanta</em></span> <span class='ocrx_word' id='word_1_24' title='bbox 1021 934 1159 1043; x_wconf 85' lang='lat' dir='ltr'><em>suerit,</em></span> <span class='ocrx_word' id='word_1_25' title='bbox 1187 933 1299 1014; x_wconf 89' lang='lat' dir='ltr'><em>minus</em></span> <span class='ocrx_word' id='word_1_26' title='bbox 1314 932 1374 1012; x_wconf 87' lang='lat' dir='ltr'><em>in·</em></span> 
     </span>
     <span class='ocr_line' id='line_1_5' title="bbox 202 1059 1373 1176; baseline 0.007 -36"><span class='ocrx_word' id='word_1_27' title='bbox 202 1059 357 1144; x_wconf 87' lang='lat' dir='ltr'><em>videmus</em></span> <span class='ocrx_word' id='word_1_28' title='bbox 366 1104 379 1160; x_wconf 78' lang='lat'>3</span> <span class='ocrx_word' id='word_1_29' title='bbox 406 1082 449 1145; x_wconf 92' lang='lat' dir='ltr'><em>at</em></span> <span class='ocrx_word' id='word_1_30' title='bbox 467 1065 607 1146; x_wconf 84' lang='lat' dir='ltr'><em>eundem</em></span> <span class='ocrx_word' id='word_1_31' title='bbox 617 1063 848 1176; x_wconf 79' lang='lat' dir='ltr'><em>philosophum</em></span> <span class='ocrx_word' id='word_1_32' title='bbox 865 1066 1100 1167; x_wconf 81' lang='lat' dir='ltr'><em>rusticantem,</em></span> <span class='ocrx_word' id='word_1_33' title='bbox 1130 1066 1173 1146; x_wconf 82' lang='lat'><em>&amp;</em></span> <span class='ocrx_word' id='word_1_34' title='bbox 1181 1064 1373 1173; x_wconf 68' lang='lat' dir='ltr'><em>snpientia</em></span> 
     </span>
     <span class='ocr_line' id='line_1_6' title="bbox 203 1193 1375 1307; baseline 0.003 -35"><span class='ocrx_word' id='word_1_35' title='bbox 203 1193 421 1305; x_wconf 81' lang='lat' dir='ltr'><em>magistrum,</em></span> <span class='ocrx_word' id='word_1_36' title='bbox 449 1221 515 1274; x_wconf 87' lang='lat' dir='ltr'><em>non</em></span> <span class='ocrx_word' id='word_1_37' title='bbox 540 1193 765 1276; x_wconf 84' lang='lat' dir='ltr'><em>admiramur</em></span> <span class='ocrx_word' id='word_1_38' title='bbox 780 1196 885 1294; x_wconf 88' lang='lat' dir='ltr'><em>mado,</em></span> <span class='ocrx_word' id='word_1_39' title='bbox 910 1197 984 1307; x_wconf 89' lang='lat' dir='ltr'><em>sed</em></span> <span class='ocrx_word' id='word_1_40' title='bbox 1010 1197 1117 1282; x_wconf 86' lang='lat' dir='ltr'><em>etiam</em></span> <span class='ocrx_word' id='word_1_41' title='bbox 1150 1213 1191 1280; x_wconf 90' lang='lat' dir='ltr'><em>ut</em></span> <span class='ocrx_word' id='word_1_42' title='bbox 1218 1195 1375 1278; x_wconf 86' lang='lat' dir='ltr'><em>amicum</em></span> 
     </span>
     <span class='ocr_line' id='line_1_7' title="bbox 204 1324 867 1436; baseline 0 -30"><span class='ocrx_word' id='word_1_43' title='bbox 204 1325 372 1436; x_wconf 81' lang='lat' dir='ltr'><em>quendam</em></span> <span class='ocrx_word' id='word_1_44' title='bbox 395 1325 440 1406; x_wconf 57' lang='grc' dir='ltr'>Θ</span> <span class='ocrx_word' id='word_1_45' title='bbox 453 1324 686 1430; x_wconf 83' lang='lat' dir='ltr'><em>familiarem</em></span> <span class='ocrx_word' id='word_1_46' title='bbox 702 1349 867 1410; x_wconf 80' lang='lat' dir='ltr'><em>amamus.</em></span> 
     </span>
    </p>

    <p class='ocr_par' dir='ltr' id='par_1_4' title="bbox 201 1459 1383 3457">
     <span class='ocr_line' id='line_1_8' title="bbox 257 1459 1372 1573; baseline 0.005 -35"><span class='ocrx_word' id='word_1_47' title='bbox 257 1459 338 1539; x_wconf 87' lang='lat' dir='ltr'><em>Hic</em></span> <span class='ocrx_word' id='word_1_48' title='bbox 351 1460 485 1566; x_wconf 84' lang='lat' dir='ltr'><em>forsan</em></span> <span class='ocrx_word' id='word_1_49' title='bbox 502 1459 731 1572; x_wconf 85' lang='lat' dir='ltr'><em>interpellans</em></span> <span class='ocrx_word' id='word_1_50' title='bbox 747 1460 894 1572; x_wconf 72' lang='lat' dir='ltr'><em>inquies,</em></span> <span class='ocrx_word' id='word_1_51' title='bbox 921 1465 1079 1573; x_wconf 87' lang='lat' dir='ltr'><em>quorsum</em></span> <span class='ocrx_word' id='word_1_52' title='bbox 1096 1460 1157 1542; x_wconf 88' lang='lat' dir='ltr'><em>boc</em></span> <span class='ocrx_word' id='word_1_53' title='bbox 1175 1460 1217 1542; x_wconf 92' lang='lat' dir='ltr'><em>de</em></span> <span class='ocrx_word' id='word_1_54' title='bbox 1236 1463 1298 1544; x_wconf 87' lang='lat' dir='ltr'><em>M.</em></span> <span class='ocrx_word' id='word_1_55' title='bbox 1317 1463 1372 1544; x_wconf 84' lang='lat' dir='ltr'><em>T.</em></span> 
     </span>
     <span class='ocr_line' id='line_1_9' title="bbox 208 1585 1379 1706; baseline -0.003 -32"><span class='ocrx_word' id='word_1_56' title='bbox 208 1591 397 1674; x_wconf 83' lang='lat' dir='ltr'><em>Cicerone</em></span> <span class='ocrx_word' id='word_1_57' title='bbox 420 1585 624 1675; x_wconf 69' lang='lat' dir='ltr'><em>eunonium?</em></span> <span class='ocrx_word' id='word_1_58' title='bbox 663 1592 800 1704; x_wconf 86' lang='lat' dir='ltr'><em>borseem</em></span> <span class='ocrx_word' id='word_1_59' title='bbox 829 1614 960 1706; x_wconf 90' lang='lat' dir='ltr'><em>nempe,</em></span> <span class='ocrx_word' id='word_1_60' title='bbox 988 1612 1031 1674; x_wconf 91' lang='lat' dir='ltr'><em>ut</em></span> <span class='ocrx_word' id='word_1_61' title='bbox 1062 1595 1225 1703; x_wconf 71' lang='lat' dir='ltr'><em>occasune</em></span> <span class='ocrx_word' id='word_1_62' title='bbox 1251 1592 1379 1702; x_wconf 84' lang='lat' dir='ltr'><em>qudvis</em></span> 
     </span>
     <span class='ocr_line' id='line_1_10' title="bbox 208 1725 1378 1842; baseline -0.001 -35"><span class='ocrx_word' id='word_1_63' title='bbox 208 1725 323 1809; x_wconf 79' lang='lat' dir='ltr'><em>obtata</em></span> <span class='ocrx_word' id='word_1_64' title='bbox 341 1755 407 1808; x_wconf 92' lang='lat' dir='ltr'><em>non</em></span> <span class='ocrx_word' id='word_1_65' title='bbox 423 1727 573 1842; x_wconf 83' lang='lat' dir='ltr'><em>sruslra</em></span> <span class='ocrx_word' id='word_1_66' title='bbox 586 1726 823 1834; x_wconf 88' lang='lat' dir='ltr'><em>submonerem</em></span> <span class='ocrx_word' id='word_1_67' title='bbox 850 1755 1057 1837; x_wconf 83' lang='lat' dir='ltr'><em>quacunque</em></span> <span class='ocrx_word' id='word_1_68' title='bbox 1080 1728 1268 1842; x_wconf 86' lang='lat' dir='ltr'><em>juventuti</em></span> <span class='ocrx_word' id='word_1_69' title='bbox 1295 1726 1378 1807; x_wconf 89' lang='lat' dir='ltr'><em>lite·</em></span> 
     </span>
     <span class='ocr_line' id='line_1_11' title="bbox 209 1859 1378 1972; baseline 0.006 -34"><span class='ocrx_word' id='word_1_70' title='bbox 209 1889 335 1942; x_wconf 88' lang='lat' dir='ltr'><em>rarum</em></span> <span class='ocrx_word' id='word_1_71' title='bbox 346 1859 512 1970; x_wconf 79' lang='lat' dir='ltr'><em>studiofie</em></span> <span class='ocrx_word' id='word_1_72' title='bbox 528 1861 604 1970; x_wconf 86' lang='lat' dir='ltr'><em>usui</em></span> <span class='ocrx_word' id='word_1_73' title='bbox 616 1862 707 1966; x_wconf 88' lang='lat' dir='ltr'><em>fore</em></span> <span class='ocrx_word' id='word_1_74' title='bbox 722 1859 987 1972; x_wconf 61' lang='lat' dir='ltr'><em>existimaremq</em></span> <span class='ocrx_word' id='word_1_75' title='bbox 1014 1879 1055 1942; x_wconf 90' lang='lat' dir='ltr'><em>ut</em></span> <span class='ocrx_word' id='word_1_76' title='bbox 1070 1862 1304 1970; x_wconf 84' lang='lat' dir='ltr'><em>scribentibus</em></span> <span class='ocrx_word' id='word_1_77' title='bbox 1317 1862 1378 1946; x_wconf 88' lang='lat' dir='ltr'><em>boa</em></span> 
     </span>
     <span class='ocr_line' id='line_1_12' title="bbox 209 1991 1380 2106; baseline 0.004 -33"><span class='ocrx_word' id='word_1_78' title='bbox 209 2021 227 2073; x_wconf 94' lang='lat' dir='ltr'><em>e</em></span> <span class='ocrx_word' id='word_1_79' title='bbox 241 2012 341 2106; x_wconf 87' lang='lat' dir='ltr'><em>penu</em></span> <span class='ocrx_word' id='word_1_80' title='bbox 368 1993 565 2102; x_wconf 84' lang='lat' dir='ltr'><em>deprompta</em></span> <span class='ocrx_word' id='word_1_81' title='bbox 581 1992 699 2102; x_wconf 90' lang='lat' dir='ltr'><em>aptior</em></span> <span class='ocrx_word' id='word_1_82' title='bbox 714 1991 917 2104; x_wconf 81' lang='lat' dir='ltr'><em>uberiorque</em></span> <span class='ocrx_word' id='word_1_83' title='bbox 933 2012 1008 2075; x_wconf 88' lang='lat' dir='ltr'><em>tum</em></span> <span class='ocrx_word' id='word_1_84' title='bbox 1022 1995 1282 2101; x_wconf 77' lang='lat' dir='ltr'><em>stutentiorum</em></span> <span class='ocrx_word' id='word_1_85' title='bbox 1299 2013 1380 2078; x_wconf 89' lang='lat' dir='ltr'><em>tum</em></span> 
     </span>
     <span class='ocr_line' id='line_1_13' title="bbox 210 2124 1380 2235; baseline 0.005 -33"><span class='ocrx_word' id='word_1_86' title='bbox 210 2124 393 2206; x_wconf 84' lang='lat' dir='ltr'><em>verborum</em></span> <span class='ocrx_word' id='word_1_87' title='bbox 410 2126 508 2234; x_wconf 87' lang='lat' dir='ltr'><em>copia</em></span> <span class='ocrx_word' id='word_1_88' title='bbox 536 2125 579 2204; x_wconf 55' lang='grc' dir='ltr'><em>Β</em></span> <span class='ocrx_word' id='word_1_89' title='bbox 603 2124 749 2209; x_wconf 73' lang='lat' dir='ltr'><em>detentus</em></span> <span class='ocrx_word' id='word_1_90' title='bbox 773 2124 907 2235; x_wconf 80' lang='lat' dir='ltr'><em>adeffet.</em></span> <span class='ocrx_word' id='word_1_91' title='bbox 920 2171 1032 2194; x_wconf 87' lang='lat'><strong><em>--··</em></strong></span> <span class='ocrx_word' id='word_1_92' title='bbox 1049 2131 1179 2207; x_wconf 88' lang='lat' dir='ltr'><em>Verum</em></span> <span class='ocrx_word' id='word_1_93' title='bbox 1203 2127 1380 2208; x_wconf 84' lang='lat' dir='ltr'><em>enimvero</em></span> 
     </span>
     <span class='ocr_line' id='line_1_14' title="bbox 211 2257 1383 2368; baseline 0.004 -30"><span class='ocrx_word' id='word_1_94' title='bbox 211 2257 331 2366; x_wconf 83' lang='lat' dir='ltr'><em>quidni</em></span> <span class='ocrx_word' id='word_1_95' title='bbox 352 2266 433 2367; x_wconf 88' lang='lat' dir='ltr'><em>Ego</em></span> <span class='ocrx_word' id='word_1_96' title='bbox 449 2258 517 2340; x_wconf 79' lang='lat' dir='ltr'><em>tta</em></span> <span class='ocrx_word' id='word_1_97' title='bbox 533 2259 573 2339; x_wconf 89' lang='lat' dir='ltr'><em>in</em></span> <span class='ocrx_word' id='word_1_98' title='bbox 583 2275 692 2366; x_wconf 90' lang='lat' dir='ltr'><em>parte</em></span> <span class='ocrx_word' id='word_1_99' title='bbox 707 2259 823 2338; x_wconf 87' lang='lat' dir='ltr'><em>animo</em></span> <span class='ocrx_word' id='word_1_100' title='bbox 840 2258 1036 2368; x_wconf 86' lang='lat' dir='ltr'><em>obsequerer</em></span> <span class='ocrx_word' id='word_1_101' title='bbox 1053 2288 1135 2354; x_wconf 90' lang='lat' dir='ltr'><em>meo,</em></span> <span class='ocrx_word' id='word_1_102' title='bbox 1154 2262 1197 2341; x_wconf 59' lang='grc' dir='ltr'><em>ἐν’</em></span> <span class='ocrx_word' id='word_1_103' title='bbox 1214 2259 1274 2342; x_wconf 90' lang='lat' dir='ltr'><em>boc</em></span> <span class='ocrx_word' id='word_1_104' title='bbox 1293 2258 1383 2368; x_wconf 78' lang='lat' dir='ltr'><em>stu·-</em></span> 
     </span>
     <span class='ocr_line' id='line_1_15' title="bbox 210 2395 1377 2506; baseline 0.005 -32"><span class='ocrx_word' id='word_1_105' title='bbox 210 2395 345 2478; x_wconf 88' lang='lat' dir='ltr'><em>diorum</em></span> <span class='ocrx_word' id='word_1_106' title='bbox 364 2426 474 2505; x_wconf 85' lang='lat' dir='ltr'><em>genus</em></span> <span class='ocrx_word' id='word_1_107' title='bbox 489 2397 673 2504; x_wconf 75' lang='lat' dir='ltr'><em>teslimonio</em></span> <span class='ocrx_word' id='word_1_108' title='bbox 694 2425 765 2478; x_wconf 89' lang='lat' dir='ltr'><em>meo</em></span> <span class='ocrx_word' id='word_1_109' title='bbox 783 2395 1008 2506; x_wconf 89' lang='lat' dir='ltr'><em>qualicunque</em></span> <span class='ocrx_word' id='word_1_110' title='bbox 1026 2403 1306 2496; x_wconf 87' lang='lat' dir='ltr'><em>commendarem,</em></span> <span class='ocrx_word' id='word_1_111' title='bbox 1336 2399 1377 2480; x_wconf 88' lang='lat' dir='ltr'><em>in</em></span> 
     </span>
     <span class='ocr_line' id='line_1_16' title="bbox 212 2534 1379 2649; baseline 0.005 -31"><span class='ocrx_word' id='word_1_112' title='bbox 212 2563 282 2645; x_wconf 87' lang='lat' dir='ltr'><em>qno,</em></span> <span class='ocrx_word' id='word_1_113' title='bbox 304 2554 377 2649; x_wconf 89' lang='lat' dir='ltr'><em>per</em></span> <span class='ocrx_word' id='word_1_114' title='bbox 402 2536 473 2618; x_wconf 89' lang='lat' dir='ltr'><em>dies</em></span> <span class='ocrx_word' id='word_1_115' title='bbox 494 2538 624 2648; x_wconf 88' lang='lat' dir='ltr'><em>aliquot</em></span> <span class='ocrx_word' id='word_1_116' title='bbox 646 2534 743 2624; x_wconf 84' lang='lat' dir='ltr'><em>baud</em></span> <span class='ocrx_word' id='word_1_117' title='bbox 755 2535 906 2646; x_wconf 82' lang='lat' dir='ltr'><em>frustra</em></span> <span class='ocrx_word' id='word_1_118' title='bbox 925 2535 1095 2646; x_wconf 74' lang='lat' dir='ltr'><em>nersbtns,</em></span> <span class='ocrx_word' id='word_1_119' title='bbox 1123 2539 1379 2647; x_wconf 75' lang='lat' dir='ltr'><em>aegritudinum</em></span> 
     </span>
     <span class='ocr_line' id='line_1_17' title="bbox 212 2668 1381 2783; baseline 0.002 -32"><span class='ocrx_word' id='word_1_120' title='bbox 212 2698 285 2777; x_wconf 84' lang='lat' dir='ltr'><em>quae</em></span> <span class='ocrx_word' id='word_1_121' title='bbox 311 2670 512 2755; x_wconf 87' lang='lat' dir='ltr'><em>inciderant</em></span> <span class='ocrx_word' id='word_1_122' title='bbox 541 2668 747 2751; x_wconf 85' lang='lat' dir='ltr'><em>levationem</em></span> <span class='ocrx_word' id='word_1_123' title='bbox 765 2668 941 2779; x_wconf 87' lang='lat' dir='ltr'><em>quandam</em></span> <span class='ocrx_word' id='word_1_124' title='bbox 970 2672 1013 2751; x_wconf 75' lang='lat'><em>&amp;³</em></span> <span class='ocrx_word' id='word_1_125' title='bbox 1031 2669 1186 2778; x_wconf 80' lang='lat' dir='ltr'><em>silamen</em></span> <span class='ocrx_word' id='word_1_126' title='bbox 1203 2671 1381 2783; x_wconf 88' lang='lat' dir='ltr'><em>liberalis-</em></span> 
     </span>
     <span class='ocr_line' id='line_1_18' title="bbox 201 2802 1378 2915; baseline -0.002 -28"><span class='ocrx_word' id='word_1_127' title='bbox 201 2809 328 2912; x_wconf 84' lang='lat' dir='ltr'><em>snnem</em></span> <span class='ocrx_word' id='word_1_128' title='bbox 358 2806 616 2915; x_wconf 82' lang='lat' dir='ltr'><em>reppereraml</em></span> <span class='ocrx_word' id='word_1_129' title='bbox 653 2803 698 2883; x_wconf 59' lang='grc' dir='ltr'><em>ἔθ’</em></span> <span class='ocrx_word' id='word_1_130' title='bbox 717 2802 871 2913; x_wconf 80' lang='lat' dir='ltr'><em>fortose</em></span> <span class='ocrx_word' id='word_1_131' title='bbox 902 2821 1009 2913; x_wconf 90' lang='lat' dir='ltr'><em>porro</em></span> <span class='ocrx_word' id='word_1_132' title='bbox 1045 2803 1115 2883; x_wconf 89' lang='lat' dir='ltr'><em>tibi</em></span> <span class='ocrx_word' id='word_1_133' title='bbox 1142 2806 1378 2912; x_wconf 78' lang='lat' dir='ltr'><em>ingratus&amp;</em></span> 
     </span>
     <span class='ocr_line' id='line_1_19' title="bbox 213 2936 1381 3048; baseline 0.003 -29"><span class='ocrx_word' id='word_1_134' title='bbox 213 2944 385 3031; x_wconf 81' lang='lat' dir='ltr'><em>immemor</em></span> <span class='ocrx_word' id='word_1_135' title='bbox 402 2938 546 3047; x_wconf 76' lang='lat' dir='ltr'><em>benesed</em></span> <span class='ocrx_word' id='word_1_136' title='bbox 567 2936 723 3033; x_wconf 83' lang='lat' dir='ltr'><em>viderer,</em></span> <span class='ocrx_word' id='word_1_137' title='bbox 752 2940 813 3048; x_wconf 86' lang='lat' dir='ltr'><em>qui</em></span> <span class='ocrx_word' id='word_1_138' title='bbox 839 2941 1070 3019; x_wconf 87' lang='lat' dir='ltr'><em>Ciceronem</em></span> <span class='ocrx_word' id='word_1_139' title='bbox 1093 2936 1381 3048; x_wconf 82' lang='lat' dir='ltr'><em>philosophantem</em></span> 
     </span>
     <span class='ocr_line' id='line_1_20' title="bbox 210 3074 1381 3191; baseline 0.006 -35"><span class='ocrx_word' id='word_1_140' title='bbox 210 3097 271 3185; x_wconf 86' lang='lat' dir='ltr'><em>pro</em></span> <span class='ocrx_word' id='word_1_141' title='bbox 286 3077 426 3160; x_wconf 89' lang='lat' dir='ltr'><em>meritis</em></span> <span class='ocrx_word' id='word_1_142' title='bbox 441 3104 508 3157; x_wconf 91' lang='lat' dir='ltr'><em>non</em></span> <span class='ocrx_word' id='word_1_143' title='bbox 517 3074 767 3185; x_wconf 71' lang='lat' dir='ltr'><em>predicarem,</em></span> <span class='ocrx_word' id='word_1_144' title='bbox 783 3105 857 3159; x_wconf 85' lang='lat' dir='ltr'><em>mec</em></span> <span class='ocrx_word' id='word_1_145' title='bbox 873 3077 1015 3187; x_wconf 92' lang='lat' dir='ltr'><em>aliquid</em></span> <span class='ocrx_word' id='word_1_146' title='bbox 1027 3074 1085 3157; x_wconf 91' lang='lat' dir='ltr'><em>illi</em></span> <span class='ocrx_word' id='word_1_147' title='bbox 1111 3075 1153 3159; x_wconf 88' lang='lat' dir='ltr'><em>de</em></span> <span class='ocrx_word' id='word_1_148' title='bbox 1172 3078 1241 3185; x_wconf 79' lang='lat' dir='ltr'><em>stro</em></span> <span class='ocrx_word' id='word_1_149' title='bbox 1258 3099 1381 3191; x_wconf 88' lang='lat' dir='ltr'><em>repen·</em></span> 
     </span>
     <span class='ocr_line' id='line_1_21' title="bbox 215 3206 1379 3320; baseline 0.002 -31"><span class='ocrx_word' id='word_1_150' title='bbox 215 3208 338 3306; x_wconf 70' lang='lat' dir='ltr'><em>dercon</em></span> <span class='ocrx_word' id='word_1_151' title='bbox 365 3209 427 3320; x_wconf 89' lang='lat' dir='ltr'><em>qni</em></span> <span class='ocrx_word' id='word_1_152' title='bbox 443 3206 532 3294; x_wconf 91' lang='lat' dir='ltr'><em>mibi</em></span> <span class='ocrx_word' id='word_1_153' title='bbox 547 3206 637 3291; x_wconf 89' lang='lat' dir='ltr'><em>banc</em></span> <span class='ocrx_word' id='word_1_154' title='bbox 653 3206 763 3316; x_wconf 79' lang='lat' dir='ltr'><em>ipsam</em></span> <span class='ocrx_word' id='word_1_155' title='bbox 779 3206 918 3291; x_wconf 85' lang='lat' dir='ltr'><em>dicendi</em></span> <span class='ocrx_word' id='word_1_156' title='bbox 945 3208 1126 3290; x_wconf 88' lang='lat' dir='ltr'><em>materiem</em></span> <span class='ocrx_word' id='word_1_157' title='bbox 1150 3206 1195 3291; x_wconf 63' lang='lat' dir='ltr'><em>ld</em></span> <span class='ocrx_word' id='word_1_158' title='bbox 1206 3207 1379 3319; x_wconf 84' lang='lat' dir='ltr'><em>seeculta-</em></span> 
     </span>
     <span class='ocr_line' id='line_1_22' title="bbox 217 3340 553 3457; baseline -0.006 -36"><span class='ocrx_word' id='word_1_159' title='bbox 217 3362 280 3423; x_wconf 91' lang='lat' dir='ltr'><em>tem</em></span> <span class='ocrx_word' id='word_1_160' title='bbox 295 3340 553 3457; x_wconf 65' lang='lat' dir='ltr'><em>suppeditavit.</em></span> 
     </span>
    </p>

    <p class='ocr_par' dir='ltr' id='par_1_5' title="bbox 218 3475 1408 3996">
     <span class='ocr_line' id='line_1_23' title="bbox 267 3475 1384 3590; baseline 0.004 -30"><span class='ocrx_word' id='word_1_161' title='bbox 267 3478 374 3562; x_wconf 90' lang='lat' dir='ltr'><em>Video</em></span> <span class='ocrx_word' id='word_1_162' title='bbox 391 3495 426 3559; x_wconf 89' lang='lat' dir='ltr'><em>te</em></span> <span class='ocrx_word' id='word_1_163' title='bbox 440 3478 526 3587; x_wconf 86' lang='lat' dir='ltr'><em>jam</em></span> <span class='ocrx_word' id='word_1_164' title='bbox 541 3475 722 3585; x_wconf 83' lang='lat' dir='ltr'><em>adfinem</em></span> <span class='ocrx_word' id='word_1_165' title='bbox 749 3491 956 3586; x_wconf 84' lang='lat' dir='ltr'><em>properare,</em></span> <span class='ocrx_word' id='word_1_166' title='bbox 984 3477 1028 3559; x_wconf 67' lang='lat' dir='ltr'><em>Ed</em></span> <span class='ocrx_word' id='word_1_167' title='bbox 1047 3476 1141 3587; x_wconf 90' lang='lat' dir='ltr'><em>quid,</em></span> <span class='ocrx_word' id='word_1_168' title='bbox 1168 3477 1297 3590; x_wconf 89' lang='lat' dir='ltr'><em>inquis,</em></span> <span class='ocrx_word' id='word_1_169' title='bbox 1322 3479 1384 3565; x_wconf 88' lang='lat' dir='ltr'><em>hoc</em></span> 
     </span>
     <span class='ocr_line' id='line_1_24' title="bbox 218 3602 1408 3731; baseline 0.003 -36"><span class='ocrx_word' id='word_1_170' title='bbox 218 3616 268 3695; x_wconf 79' lang='lat' dir='ltr'><em>rei</em></span> <span class='ocrx_word' id='word_1_171' title='bbox 290 3616 377 3731; x_wconf 67' lang='lat' dir='ltr'><em>eqd?</em></span> <span class='ocrx_word' id='word_1_172' title='bbox 419 3622 435 3697; x_wconf 86' lang='lat' dir='ltr'><em>b</em></span> <span class='ocrx_word' id='word_1_173' title='bbox 460 3608 546 3697; x_wconf 79' lang='lat' dir='ltr'><em>bertoo</em></span> <span class='ocrx_word' id='word_1_174' title='bbox 569 3646 636 3729; x_wconf 69' lang='lat' dir='ltr'><em>mega</em></span> <span class='ocrx_word' id='word_1_175' title='bbox 661 3644 703 3696; x_wconf 75' lang='lat' dir='ltr'><em>ret</em></span> <span class='ocrx_word' id='word_1_176' title='bbox 725 3607 877 3709; x_wconf 52' lang='grc' dir='ltr'><em>’δἊνΘνῖ</em></span> <span class='ocrx_word' id='word_1_177' title='bbox 896 3662 1007 3717; x_wconf 51' lang='grc'><em>,--</em></span> <span class='ocrx_word' id='word_1_178' title='bbox 1024 3616 1068 3699; x_wconf 66' lang='lat'><em>&amp;²</em></span> <span class='ocrx_word' id='word_1_179' title='bbox 1095 3615 1183 3726; x_wconf 78' lang='lat' dir='ltr'><em>quid</em></span> <span class='ocrx_word' id='word_1_180' title='bbox 1211 3632 1316 3725; x_wconf 85' lang='lat' dir='ltr'><em>porro</em></span> <span class='ocrx_word' id='word_1_181' title='bbox 1341 3602 1408 3699; x_wconf 50' lang='lat' dir='ltr'><em>de¹</em></span> 
     </span>
     <span class='ocr_line' id='line_1_25' title="bbox 218 3744 1385 3860; baseline 0.006 -37"><span class='ocrx_word' id='word_1_182' title='bbox 218 3744 357 3828; x_wconf 90' lang='lat' dir='ltr'><em>tantilla</em></span> <span class='ocrx_word' id='word_1_183' title='bbox 376 3776 418 3827; x_wconf 89' lang='lat' dir='ltr'><em>re</em></span> <span class='ocrx_word' id='word_1_184' title='bbox 432 3764 509 3828; x_wconf 90' lang='lat' dir='ltr'><em>tam</em></span> <span class='ocrx_word' id='word_1_185' title='bbox 531 3745 641 3827; x_wconf 89' lang='lat' dir='ltr'><em>multa</em></span> <span class='ocrx_word' id='word_1_186' title='bbox 662 3748 813 3841; x_wconf 23' lang='lat'><strong>?⁴---</strong></span> <span class='ocrx_word' id='word_1_187' title='bbox 830 3752 906 3829; x_wconf 88' lang='lat' dir='ltr'><em>Irno</em></span> <span class='ocrx_word' id='word_1_188' title='bbox 932 3774 1017 3829; x_wconf 85' lang='lat' dir='ltr'><em>vero</em></span> <span class='ocrx_word' id='word_1_189' title='bbox 1043 3746 1103 3829; x_wconf 90' lang='lat' dir='ltr'><em>boc</em></span> <span class='ocrx_word' id='word_1_190' title='bbox 1129 3747 1174 3829; x_wconf 94' lang='lat' dir='ltr'><em>id</em></span> <span class='ocrx_word' id='word_1_191' title='bbox 1197 3749 1307 3857; x_wconf 79' lang='lat' dir='ltr'><em>opstam</em></span> <span class='ocrx_word' id='word_1_192' title='bbox 1337 3750 1385 3860; x_wconf 69' lang='lat' dir='ltr'><em>ss</em></span> 
     </span>
     <span class='ocr_line' id='line_1_26' title="bbox 218 3881 1387 3996; baseline 0.002 -33"><span class='ocrx_word' id='word_1_193' title='bbox 218 3881 302 3991; x_wconf 85' lang='lat' dir='ltr'><em>quod</em></span> <span class='ocrx_word' id='word_1_194' title='bbox 327 3881 452 3965; x_wconf 83' lang='lat' dir='ltr'><em>volui:</em></span> <span class='ocrx_word' id='word_1_195' title='bbox 483 3885 643 3989; x_wconf 77' lang='lat' dir='ltr'><em>proseblo</em></span> <span class='ocrx_word' id='word_1_196' title='bbox 669 3884 713 3963; x_wconf 62' lang='grc' dir='ltr'><em>ἔν’</em></span> <span class='ocrx_word' id='word_1_197' title='bbox 742 3883 936 3992; x_wconf 87' lang='lat' dir='ltr'><em>Scriptoris</em></span> <span class='ocrx_word' id='word_1_198' title='bbox 962 3882 1006 3963; x_wconf 67' lang='lat' dir='ltr'><em>Co*</em></span> <span class='ocrx_word' id='word_1_199' title='bbox 1036 3884 1199 3966; x_wconf 86' lang='lat' dir='ltr'><em>Editoris</em></span> <span class='ocrx_word' id='word_1_200' title='bbox 1224 3884 1387 3996; x_wconf 82' lang='lat' dir='ltr'><em>anonymi</em></span> 
     </span>
    </p>
   </div>
   <div class='ocr_carea' id='block_1_4' title="bbox 219 4017 1386 4264">
    <p class='ocr_par' dir='ltr' id='par_1_6' title="bbox 219 4017 1386 4264">
     <span class='ocr_line' id='line_1_27' title="bbox 219 4017 1386 4130; baseline 0.005 -31"><span class='ocrx_word' id='word_1_201' title='bbox 219 4017 317 4127; x_wconf 77' lang='lat' dir='ltr'><em>corase</em></span> <span class='ocrx_word' id='word_1_202' title='bbox 332 4020 378 4125; x_wconf 84' lang='lat' dir='ltr'><em>esl</em></span> <span class='ocrx_word' id='word_1_203' title='bbox 395 4018 536 4116; x_wconf 78' lang='lat' dir='ltr'><em>eadem3</em></span> <span class='ocrx_word' id='word_1_204' title='bbox 564 4050 625 4102; x_wconf 89' lang='lat' dir='ltr'><em>nec</em></span> <span class='ocrx_word' id='word_1_205' title='bbox 641 4018 741 4127; x_wconf 78' lang='lat' dir='ltr'><em>btq&#39;us</em></span> <span class='ocrx_word' id='word_1_206' title='bbox 756 4052 819 4104; x_wconf 88' lang='lat' dir='ltr'><em>nec</em></span> <span class='ocrx_word' id='word_1_207' title='bbox 836 4022 932 4105; x_wconf 87' lang='lat' dir='ltr'><em>illins</em></span> <span class='ocrx_word' id='word_1_208' title='bbox 953 4024 1083 4130; x_wconf 86' lang='lat' dir='ltr'><em>gratia</em></span> <span class='ocrx_word' id='word_1_209' title='bbox 1110 4022 1182 4105; x_wconf 91' lang='lat' dir='ltr'><em>ulla</em></span> <span class='ocrx_word' id='word_1_210' title='bbox 1198 4040 1262 4105; x_wconf 88' lang='lat' dir='ltr'><em>ant</em></span> <span class='ocrx_word' id='word_1_211' title='bbox 1282 4040 1386 4105; x_wconf 81' lang='lat' dir='ltr'><em>auto-</em></span> 
     </span>
     <span class='ocr_line' id='line_1_28' title="bbox 219 4149 1386 4264; baseline 0.007 -36"><span class='ocrx_word' id='word_1_212' title='bbox 219 4149 307 4233; x_wconf 82' lang='lat' dir='ltr'><em>ritas</em></span> <span class='ocrx_word' id='word_1_213' title='bbox 320 4194 433 4215; x_wconf 82' lang='lat'><em>·—</em></span> <span class='ocrx_word' id='word_1_214' title='bbox 446 4150 517 4261; x_wconf 77' lang='lat' dir='ltr'><em>std</em></span> <span class='ocrx_word' id='word_1_215' title='bbox 541 4180 603 4233; x_wconf 87' lang='lat' dir='ltr'><em>nec</em></span> <span class='ocrx_word' id='word_1_216' title='bbox 620 4154 736 4235; x_wconf 88' lang='lat' dir='ltr'><em>odium</em></span> <span class='ocrx_word' id='word_1_217' title='bbox 751 4182 813 4235; x_wconf 90' lang='lat' dir='ltr'><em>me</em></span> <span class='ocrx_word' id='word_1_218' title='bbox 829 4152 999 4252; x_wconf 82' lang='lat' dir='ltr'><em>invidia3</em></span> <span class='ocrx_word' id='word_1_219' title='bbox 1040 4182 1128 4251; x_wconf 86' lang='lat' dir='ltr'><em>eam,</em></span> <span class='ocrx_word' id='word_1_220' title='bbox 1156 4182 1234 4264; x_wconf 82' lang='lat' dir='ltr'><em>quae</em></span> <span class='ocrx_word' id='word_1_221' title='bbox 1258 4153 1297 4235; x_wconf 88' lang='lat' dir='ltr'><em>ire</em></span> <span class='ocrx_word' id='word_1_222' title='bbox 1322 4182 1386 4236; x_wconf 82' lang='lat' dir='ltr'><em>no·</em></span> 
     </span>
    </p>
   </div>
   <div class='ocr_carea' id='block_1_5' title="bbox 219 4282 1556 4399">
    <p class='ocr_par' dir='ltr' id='par_1_7' title="bbox 219 4282 1556 4399">
     <span class='ocr_line' id='line_1_29' title="bbox 219 4282 1556 4399; baseline -0.002 -32"><span class='ocrx_word' id='word_1_223' title='bbox 219 4282 307 4367; x_wconf 86' lang='lat' dir='ltr'><em>nine</em></span> <span class='ocrx_word' id='word_1_224' title='bbox 327 4284 410 4396; x_wconf 86' lang='lat' dir='ltr'><em>solo,</em></span> <span class='ocrx_word' id='word_1_225' title='bbox 441 4312 520 4396; x_wconf 77' lang='lat' dir='ltr'><em>qua</em></span> <span class='ocrx_word' id='word_1_226' title='bbox 534 4288 649 4399; x_wconf 86' lang='lat' dir='ltr'><em>sentio</em></span> <span class='ocrx_word' id='word_1_227' title='bbox 676 4285 780 4397; x_wconf 82' lang='lat' dir='ltr'><em>qudm</em></span> <span class='ocrx_word' id='word_1_228' title='bbox 792 4288 851 4396; x_wconf 76' lang='lat' dir='ltr'><em>stt</em></span> <span class='ocrx_word' id='word_1_229' title='bbox 875 4286 1018 4397; x_wconf 83' lang='lat' dir='ltr'><em>exiguo,</em></span> <span class='ocrx_word' id='word_1_230' title='bbox 1054 4285 1262 4380; x_wconf 86' lang='lat' dir='ltr'><em>continetur,</em></span> <span class='ocrx_word' id='word_1_231' title='bbox 1290 4312 1386 4369; x_wconf 85' lang='lat' dir='ltr'><em>com·</em></span> <span class='ocrx_word' id='word_1_232' title='bbox 1554 4307 1556 4321; x_wconf 92' lang='grc'><em>·</em></span> 
     </span>
    </p>
   </div>
   <div class='ocr_carea' id='block_1_6' title="bbox 1141 4420 1386 4505">
    <p class='ocr_par' dir='ltr' id='par_1_8' title="bbox 1141 4420 1386 4505">
     <span class='ocr_line' id='line_1_30' title="bbox 1141 4420 1386 4505; baseline -0.008 0"><span class='ocrx_word' id='word_1_233' title='bbox 1141 4420 1386 4505; x_wconf 89' lang='lat' dir='ltr'><em>mendationem</em></span> 
     </span>
    </p>
   </div>
   <div class='ocr_carea' id='block_1_7' title="bbox 0 0 1783 5175">
    <p class='ocr_par' dir='ltr' id='par_1_9' title="bbox 0 0 1783 5175">
     <span class='ocr_line' id='line_1_31' title="bbox 0 0 1783 5175; baseline 0 0"><span class='ocrx_word' id='word_1_234' title='bbox 0 0 1783 5175; x_wconf 95' lang='lat' dir='ltr'><em> </em></span> 
     </span>
    </p>
   </div>
  </div>
 </body>
</html>
