3509 5175
806 397 1005 557 [¹4⁸
1064 390 1117 543 ]’

406 857 482 959 De
507 812 774 955 Liternrum
806 855 1075 951 Gruterum
1114 835 1484 961 Instimdonibuu

699 1072 963 1175 Difl‘ertatio
997 1074 1188 1177 critica.

270 1450 273 1455 ’
393 1424 473 1528 Ad
515 1372 1276 1541 E'uvrnnunssrurunu,
1318 1422 1511 1531 S.-T..P

532 1603 536 1611 ι
665 1631 955 1722 AEdis-Christi
984 1632 1253 1765 (linonicum,⁴
1322 1662 1326 1673 ·

391 1823 515 1911 Haud
533 1825 591 1907 ita
606 1794 761 1935 pridem
781 1822 886 1911 Cois.
908 1822 1035 1909 Oriel.
1057 1823 1219 1907 Socium
1238 1826 1278 1907 ic
1299 1825 1508 1907 Tutorem.

371 2219 476 2435 IN
509 2215 726 2329 reipublicae
753 2217 931 2301 literariae
962 2216 1230 2302 celebritatem
1257 2216 1454 2328 prodiens,
1486 2216 1538 2297 Te

444 2352 657 2465 imprimis,
677 2350 995 2443 vir‘emiciffimm
1009 2349 1207 2462 compello
1218 2381 1232 2429 ·:
1272 2350 1376 2459 siqua
1392 2374 1470 2458 ego
1491 2349 1538 2429 vel

373 2487 512 2604 παιζων
528 2488 589 2571 vel
605 2477 851 2593 musaeum
867 2486 1047 2598 scripsisse
1067 2488 1211 2579 videar,
1240 2485 1338 2569 Tuis
1355 2512 1443 2596 que
1464 2482 1536 2565 usui

374 2624 463 2715 sint,
492 2649 538 2701 ea
555 2621 835 2732 qualiacunque
854 2623 901 2703 ad
916 2622 979 2702 Te
996 2621 1162 2706 libenter
1180 2618 1336 2712 deferor
1364 2620 1428 2700 Te
1452 2616 1540 2700 mihi

375 2761 416 2842 δι
443 2759 650 2840 Censorem
677 2760 717 2840 δι
746 2749 959 2847 Patronum
986 2760 1168 2842 adhibere
1193 2759 1325 2852 velim,
1361 2758 1539 2868 quemin
1574 2817 1575 2854 q

376 2893 455 2975 hoc
491 2895 741 3005 scriptionum
785 2924 925 3006 genere
961 2895 1251 2980 versatiffimum
1287 2893 1539 3001 cognoverim.

378 3029 479 3108 Haec
495 3028 628 3138 itaque
655 3019 852 3146 {sumu
873 3051 1107 3138 μελεηματι,
1135 3029 1276 3110 laboris
1300 3025 1412 3107 otiofi
1435 3023 1540 3106 soetus

379 3187 526 3262 tenues,
545 3168 643 3249 Tibi
661 3168 736 3250 five
752 3169 971 3282 castiganda
990 3171 1064 3255 five
1083 3167 1329 3280 approbanda
1346 3193 1541 3248 commen-

380 3307 454 3388 do:
494 3309 662 3416 aliquem
682 3330 785 3392 certe
802 3309 876 3390 sive
897 3308 1170 3394 benevolentiae
1197 3307 1270 3418 five
1285 3306 1424 3414 judicii
1452 3304 1542 3386 seve·

382 3446 489 3524 rioris
507 3443 679 3527 fructum
691 3448 855 3556 experiri
869 3449 1012 3558 cupi03
1042 3471 1211 3560 quorum
1231 3442 1398 3525 alterum
1417 3441 1542 3528 efficiet

383 3598 428 3671 ut
456 3580 533 3690 ipsc
563 3581 663 3663 mihi
690 3583 813 3692 magis
844 3584 1050 3694 placeam
1091 3583 1270 3675 alterum,
1310 3597 1352 3660 ut
1383 3577 1543 3657 Lectoris

367 3698 526 3798 'Critici
549 3718 746 3800 censuram
768 3723 902 3802 minue
929 3720 1191 3830 petimescam.

438 3856 526 3964 Ego
555 3857 726 3966 quidem,
756 3867 850 3942 cuin
879 3852 1078 3942 literarum
1105 3862 1326 3944 Graecarum
1354 3853 1544 3945 studiosos,

386 4021 466 4103 qua
491 3997 614 4104 potui,
640 4025 756 4105 opera
778 4001 889 4082 omni
912 4000 1088 4108 adjuvere
1115 3995 1269 4088 vellem,
1297 3996 1337 4079 in
1365 4021 1427 4092 eo,
1454 3991 1545 4106 quod

387 4129 558 4209 maxime
577 4129 868 4226 desiderabatur,
890 4133 1058 4212 maxime
1077 4129 1178 4213 mihi
1195 4127 1472 4212 elaborandum
1486 4125 1546 4208 effe

387 4260 589 4355 intellexi3
618 4280 659 4340 ut
690 4243 829 4373 nempe
859 4263 1109 4372 scriptionum
1129 4263 1169 4342 in
1189 4257 1262 4342 hac
1288 4278 1396 4370 parte
1416 4259 1546 4364 aliqua·

387 4419 478 4484 rum
497 4385 677 4474 nontam
694 4395 1028 4506 preceptionibus,
1056 4423 1177 4508 quum
1192 4393 1383 4504 enempiie
1407 4387 1546 4502 quibus-

1457 4521 1544 4610 dam,
