3509 5175
825 435 863 601 ¹l
933 469 1024 566 2³²
1093 429 1119 576 l
1289 511 1294 523 ·

373 661 558 777 provecti,
585 661 625 740 bt
646 661 805 744 acclivis
818 661 985 746 collium
1003 660 1173 760 assecuti,
1200 664 1244 746 in
1272 666 1403 748 lucem
1430 668 1547 763 illico,

372 803 414 882 be
432 799 511 883 diei
528 795 634 907 quast
651 823 783 878 recena
803 796 944 878 obortae
961 797 1181 880 claritatem
1201 803 1452 910 emergimus.
1489 806 1548 884 Ibi

371 940 537 1020 demum
556 933 727 1017 converst
746 934 900 1044 placido
919 934 1091 1042 quodam
1120 963 1213 1016 cum
1232 937 1384 1050 stupore
1402 941 1549 1049 fingula

322 1120 326 1135 ι
372 1073 735 1188 circumspicimus3
774 1071 958 1178 subjectas
988 1073 1104 1154 valles
1135 1075 1329 1184 sylvasque
1357 1079 1550 1160 discedere

214 1218 217 1224 ’
373 1215 578 1306 miramur,
607 1232 676 1319 per
704 1207 887 1288 arborum
916 1235 1035 1318 opaca
1060 1193 1227 1294 villas&
1249 1213 1394 1321 templa
1413 1214 1549 1324 paffim

305 1339 309 1342 ⁴
372 1351 586 1458 exsurgere,
616 1345 722 1426 mille
740 1346 982 1426 amoenitates
1002 1346 1209 1454 derepente
1225 1351 1363 1442 enasci,
1382 1353 1424 1431 bt
1440 1379 1549 1432 nova

372 1485 536 1562 demum
554 1477 719 1585 regionis
740 1476 880 1557 faciem
900 1475 1204 1586 pulcherrimam
1225 1483 1373 1589 aperiri.
1430 1482 1551 1588 Juxta

373 1615 481 1696 enim
497 1639 567 1723 pro
587 1611 749 1720 pedibus
770 1606 997 1690 ab‘Oriente
1015 1611 1056 1690 in
1073 1610 1330 1692 Occidentem
1350 1633 1460 1722 patet
1481 1615 1550 1694 sal·

374 1773 437 1834 tus
456 1750 686 1838 Anderidos,
715 1733 842 1827 omnis
871 1747 936 1828 illa
963 1774 1129 1828 concava
1157 1746 1399 1859 &sylvestris
1426 1755 1549 1861 regio,

307 1967 311 1970 ,
367 1873 415 1968 in
434 1882 718 1992 longitudinem
740 1908 848 1989 pene,
866 1877 1062 1962 infinitam
1092 1885 1279 1992 producta
1292 1921 1304 1977 t
1346 1913 1368 1966 a
1397 1888 1550 1996 septen·

372 2020 496 2098 trione
513 2034 667 2096 montes
684 2011 862 2094 Sum'aai
887 2014 1010 2096 millia
1033 2013 1176 2096 abhinc
1200 2017 1355 2098 circiter
1377 2045 1466 2100 xxx
1483 2046 1550 2128 pa·

373 2146 477 2228 rietis
498 2143 613 2225 instar
637 2141 793 2250 objecti,
823 2143 961 2223 excelsi
989 2143 1151 2253 quidem
1179 2143 1236 2230 illi
1260 2145 1300 2226 bt
1325 2147 1552 2243 albicantes,

372 2283 568 2390 longeque
587 2269 822 2388 spectabiles,
843 2277 970 2356 &soli
988 2280 1203 2360 meridiano
1223 2282 1307 2389 jam
1328 2284 1553 2378 illuminati,

369 2412 593 2523 sylvestrem
607 2411 760 2490 scenam
779 2410 1071 2517 interjacentem
1086 2411 1215 2494 limite
1228 2411 1333 2498 haud
1352 2418 1553 2498 inamoeno

299 2541 302 2550 ’
371 2545 573 2627 claudunt.

428 2664 519 2765 Age
539 2682 629 2737 veto
647 2652 756 2735 illam
777 2652 948 2747 alteram,
967 2680 1045 2762 qua
1064 2654 1272 2749 tendimus,
1291 2676 1449 2767 partem
1472 2662 1553 2743 ani·

368 2796 598 2879 madverte:
640 2820 689 2880 en
711 2790 799 2885 tibi,
828 2816 914 2902 quae
936 2790 1025 2899 jure
1045 2793 1260 2888 admireris,
1289 2799 1553 2909 undequaque

367 2925 550 3033 objecta!
592 2922 744 3009 Eccubi
765 2922 913 3031 uspiam
933 2920 1064 3005 vidisse
1083 2926 1248 3033 contigit
1268 2926 1434 3011 totidem
1458 2958 1552 3013 ocu·

371 3058 501 3138 lorum
530 3056 824 3145 oblectamenta,
852 3071 935 3135 tam
963 3054 1113 3173 eximia
1144 3057 1430 3167 magnitudine,
1471 3081 1551 3144 tam

240 3204 244 3212 '
370 3194 466 3275 locis
485 3193 690 3301 disjuncta,
716 3208 799 3271 tam
816 3188 961 3271 diversa
975 3217 1129 3299 genera,
1160 3192 1202 3274 in
1219 3220 1342 3277 unum
1361 3197 1477 3305 quafi
1497 3212 1551 3277 ta.

372 3327 509 3411 bulam
529 3324 641 3407 stmul
660 3322 870 3435 congesta?
898 3344 1002 3407 cette
1018 3324 1138 3407 sicubi
1156 3324 1315 3435 uspiam,

321 3597 322 3606 Ν
426 3482 598 3591 Largior
617 3482 678 3565 hic
691 3481 812 3565 aether
830 3500 1018 3597 campos
991 3480 1035 3564 ss
1048 3484 1183 3567 braim
1199 3485 1305 3593 vesu

428 3620 727 3727 Purpureo.

371 3795 437 3874 En
451 3790 562 3874 levi
551 3818 591 3871 tn
609 3727 751 3900 cespite
769 3793 957 3900 equitatio
977 3822 1095 3903 quarn
1115 3793 1244 3876 mollis
1261 3794 1302 3874 bt
1319 3822 1495 3891 amoena,
1517 3800 1551 3878 bt

369 3926 438 4006 ille
457 3924 760 4035 quaquaversum
775 3924 884 4006 tersae
902 3927 1102 4009 viriditatis
1122 3925 1251 4007 nitori
1282 3952 1330 4007 en
1348 3926 1414 4005 illa
1435 3930 1551 4037 longe

367 4059 528 4167 lateque
543 4058 723 4167 porrecta
740 4058 936 4140 montium
951 4060 1072 4154 dorsa,
1091 4063 1130 4141 bc
1143 4058 1350 4169 magnifica
1368 4062 1551 4169 quaedam

349 4187 545 4274 uastitas!
572 4218 621 4274 en
640 4215 756 4298 porro
773 4189 890 4272 instat
909 4194 1090 4274 omnium
1111 4192 1178 4273 illa
1198 4190 1395 4303 aequabilis
1411 4196 1457 4274 bc
1478 4220 1549 4273 ca·

251 4320 257 4325 ⁴
369 4323 454 4406 rula
474 4321 669 4432 planities,
698 4320 800 4401 coelo
818 4323 901 4417 suo,
929 4352 1010 4435 quo
1040 4322 1154 4405 unice
1178 4325 1420 4418 terminatur,
1455 4352 1550 4404 con·

368 4456 492 4552 color,
520 4454 560 4537 bt
588 4436 795 4565 spectaculi
823 4455 1003 4541 volubilis
1032 4458 1133 4540 mire
1150 4456 1314 4541 variatus
1338 4452 1550 4651 spleudqq?

1525 4592 1550 4645 n
