3509 5175
841 399 1133 545 [1⁸2]

385 615 584 699 Industria
606 621 815 706 consmilis
843 630 1022 737 exempla
1049 632 1173 715 deesse
1198 636 1364 747 queror!
1407 642 1503 751 Qa
1526 676 1544 727 a

386 756 597 872 majoribus
630 761 775 845 diverso
803 766 845 846 in
871 794 1011 874 genere
1041 768 1179 879 scripta
1205 774 1439 883 accepimus,
1469 777 1543 881 jure

386 885 635 985 admiramur,
657 923 734 976 non
754 898 966 1007 operosiora
984 898 1108 987 solum
1127 904 1206 997 illa,
1226 906 1429 989 &labores
1449 906 1542 1017 plane

386 1016 618 1118 Herculeos,
638 1027 701 1107 sed
722 1031 816 1139 ipsas
837 1012 1210 1117 etiam‘Prolufiones
1231 1037 1269 1115 δι
1283 1070 1463 1149 πωρεργω,
1476 1068 1544 1147 qua

361 1248 365 1259 Ι
388 1158 549 1263 quidem
570 1164 704 1243 nostrae
719 1158 972 1271 mederasmae
986 1168 1140 1251 laudem
1155 1199 1316 1255 omnem
1335 1176 1543 1285 exsuperare

388 1288 579 1385 videntur.
626 1299 775 1379 Extant
799 1328 934 1381 eorum
950 1300 1129 1408 Epistulae
1144 1306 1183 1385 dc
1204 1306 1426 1397 Orationes,
1456 1308 1542 1411 quali

388 1422 545 1531 ingenio
575 1433 812 1538 excogitata,
854 1454 934 1515 arte
962 1434 1183 1518 elaborata!
1224 1458 1355 1521 extant
1385 1441 1544 1549 profesio

387 1560 479 1653 illa,
508 1563 745 1670 antiquitatis
764 1565 950 1659 Romana,
982 1585 1023 1644 ut
1050 1549 1105 1647 ita
1133 1571 1277 1663 dicam,
1306 1593 1543 1653 monumenta

387 1694 567 1786 totidem,
588 1697 628 1773 in
644 1696 878 1779 Latinitatis
892 1697 1085 1779 hodiernae
1100 1701 1356 1811 opprobrium
1371 1710 1542 1799 extructa,

387 1825 497 1927 Qrid
518 1826 624 1905 enim
643 1829 690 1907 ad
709 1827 916 1936 superiores
938 1828 1021 1909 illos
1042 1831 1243 1940 respiciens
1265 1832 1311 1911 de
1335 1831 1544 1915 hominibus

388 1958 524 2038 nostris
544 1957 701 2039 dicam?
742 1960 873 2068 Qun
895 1960 1006 2067 pauci
1025 1960 1204 2039 distionis
1221 1962 1376 2042 Latina
1393 1964 1544 2075 exercear

388 2092 628 2201 exploratam
647 2090 793 2171 habent
816 2093 855 2169 dc
880 2090 1129 2200 perspestam,
1161 2094 1229 2201 qui
1251 2094 1337 2200 ipsis
1353 2125 1375 2176 e
1391 2097 1543 2181 sontibus

388 2234 558 2341 puriores
592 2231 747 2312 haustus
781 2232 933 2325 ducere,
963 2260 1082 2339 quam
1117 2233 1271 2312 aliunde
1302 2237 1543 2319 derivatos&

388 2368 591 2446 tralatitios
609 2367 715 2476 sequi
734 2364 903 2471 malint?
946 2366 1027 2445 imo
1046 2367 1219 2475 plerique
1240 2367 1325 2447 satis
1346 2369 1492 2453 habent
1515 2375 1543 2451 in

389 2506 565 2585 secundis
594 2507 655 2588 vel
687 2507 807 2588 tertiis
836 2504 1040 2600 subfistere,
1076 2508 1320 2590 imitatorum
1350 2512 1544 2596 imitatores

390 2643 550 2735 imitari,
573 2641 889 2729 Declamatorem
908 2643 1084 2752 quemvis
1099 2644 1382 2732 Academicum
1401 2675 1474 2758 pro
1494 2650 1543 2728 Ci·

389 2806 525 2872 cerone,
554 2779 761 2888 Musasque
779 2777 1009 2884 Anglicanas
1036 2781 1180 2860 nostras
1205 2809 1278 2890 pro
1297 2782 1473 2864 Romanis
1493 2785 1543 2864 ad·

392 2913 538 2993 mirari.
596 2913 907 3022 Quotusquisque
941 2913 1102 2992 demum
1138 2914 1337 3022 reperitur,
1383 2919 1469 3026 qui,
1500 2915 1543 2994 vel

391 3052 716 3140 adscribendum,
745 3051 804 3131 vel
825 3053 872 3132 ad
894 3051 1010 3132 rostra
1029 3071 1200 3144 vocatus,
1232 3080 1310 3132 non
1341 3054 1423 3160 ipso
1452 3055 1490 3133 in
1505 3053 1541 3130 li-

391 3186 499 3270 mine
518 3187 763 3297 perturbatur
790 3189 829 3266 dt
859 3186 979 3267 haeret
1007 3187 1125 3282 illico,
1153 3183 1360 3270 verborum
1380 3188 1543 3296 copia&

390 3327 542 3408 delectu
562 3329 674 3435 plane
694 3327 926 3408 destitutus?
956 3327 1072 3405 Unde
1090 3325 1166 3406 hoc
1183 3327 1402 3434 contigerit,
1426 3325 1541 3436 rogas?

391 3460 536 3543 Dicam
556 3463 595 3543 id
615 3464 720 3571 quod
740 3489 796 3542 res
817 3462 899 3542 est:
929 3460 1013 3541 Nos
1032 3461 1101 3568 ipsr
1123 3461 1233 3539 nobis
1254 3457 1465 3539 desumus:
1492 3485 1542 3568 per

390 3596 559 3676 nimiam
589 3597 878 3676 desuetudinem
908 3594 1095 3704 paulatim
1124 3595 1373 3678 imminuitur
1403 3597 1444 3674 dc
1466 3620 1542 3703 pene

391 3726 631 3835 extinguitur
652 3715 730 3838 ipsa
747 3728 937 3814 scribendi
956 3724 1142 3818 facultas;
1173 3725 1386 3805 desinamus
1418 3725 1541 3812 mirari,

391 3864 432 3958 sr,
452 3827 558 3973 quod
573 3865 678 3969 sequi
696 3866 889 3956 nolumus,
907 3864 947 3943 id
967 3864 1092 3972 ipsum
1113 3863 1277 3948 minime
1298 3861 1540 3970 affequamur;

344 3972 350 3986 ’
391 4017 470 4090 aut,
499 3997 540 4089 fi,
569 3997 610 4074 in
631 4016 737 4076 tanta
754 3976 1026 4103 sententiarum
1050 3986 1178 4104 inopia
1198 3995 1400 4106 &ingenii
1425 3991 1541 4074 sterili·

392 4151 484 4224 tate,
514 4156 602 4210 vern
620 4108 846 4239 eloquentiae
863 4131 946 4226 laus
965 4130 1205 4210 desideretur.

449 4262 521 4340 Sed
550 4262 638 4340 satis
668 4259 773 4342 haec:
813 4290 862 4341 ne
893 4261 992 4342 sorte
1010 4259 1137 4338 videar
1157 4278 1334 4350 nontam
1356 4256 1540 4336 admonere

392 4402 431 4480 dc
451 4393 660 4490 cohortari,
691 4424 812 4506 quam
830 4379 1104 4504 reprehendere
1132 4397 1171 4474 dc
1200 4391 1428 4505 exprobrare
1448 4385 1539 4468 velle.

1405 4521 1539 4602 Verun-
