3509 5175
681 567 685 573 ,
831 447 857 584 [
933 450 1043 548 228·
1100 449 1145 586 J·

456 663 576 759 Frlr'a,
604 669 672 780 qui
690 671 817 778 patuit
830 671 926 754 cira
940 675 1148 785 'cognoscere
1165 675 1306 784 causta,
1335 687 1356 698 ''

416 829 420 834 ’
455 807 633 917 Qa’spes
650 829 766 922 arque·
777 830 895 894 natus
910 815 954 896 Θ
970 815 1191 897 inexorabile
1200 813 1333 920 satam

454 940 615 1046 subjecit
630 945 796 1055 pedibus,
823 948 1029 1061 rabiemque
1046 953 1276 1034 Acherontis
1292 952 1501 1036 inermem.-

454 1075 532 1154 Nil
553 1073 652 1153 ultra
671 1104 837 1188 quarens
854 1085 1022 1176 mortale,
1051 1088 1200 1192 Deoque
1217 1073 1388 1178 ‘uocanti¹

457 1205 570 1311 Cujus
581 1211 703 1316 stacta
722 1211 825 1322 gerit
844 1231 955 1296 tanao.
971 1211 1289 1310 latarusflhonrra

454 1331 780 1446 impendamus,
807 1350 1035 1462 animamque
1053 1351 1207 1462 reliquit
1226 1352 1266 1434 in
1291 1347 1413 1456 adris-

319 1642 322 1649 .
399 1537 465 1680 Ao
483 1561 614 1651 videor
635 1566 706 1648 tibi
725 1567 864 1652 frustra
883 1569 1173 1680 philosophari?
1209 1569 1310 1652 mihi
1333 1589 1441 1652 certe
1460 1567 1562 1648 vehe-

396 1699 566 1814 mentius
588 1702 739 1788 animus
758 1707 1105 1789 commovebatur:
1150 1708 1257 1788 illico
1285 1708 1485 1786 calamum
1514 1732 1561 1782 ar·

396 1834 524 1953 {ipim
563 1839 608 1918 &
626 1846 804 1955 protinus
831 1847 875 1924 io
892 1843 1068 1928 chartam
1086 1845 1297 1928 effunditur
1318 1845 1563 1956 incomposita

397 1976 614 2084 qtediratio

432 2106 528 2214 ,Sed
558 2140 602 2197 ut
634 2121 682 2198 ad
710 2121 785 2201 alia
802 2125 974 2216 veniam,
1004 2121 1220 2204 Homerica
1248 2121 1333 2204 usus
1360 2119 1559 2232 compella·

397 2239 517 2340 tione,

445 2415 535 2498 'Dic
552 2421 653 2514 mihi,
682 2424 796 2532 mrqdr,
825 2421 961 2514 uirum,

421 2569 424 2574 ’
451 2575 533 2684 Qei
547 2608 665 2661 mores
682 2582 863 2663 hominum
881 2583 1079 2664 multorum
1099 2583 1196 2665 vidit
1218 2583 1262 2665 δέ
1279 2579 1398 2664 urbes.

395 2796 520 2893 Heus,
548 2799 727 2910 inquam,
747 2805 803 2885 mi
823 2806 1052 2915 Johannulc,
1074 2802 1216 2915 Ulyffis
1237 2806 1294 2885 tui
1313 2804 1361 2885 ad
1384 2801 1512 2892 instar,
1529 2797 1558 2876 id

396 2960 468 3040 age
497 2953 644 3015 utnon
674 2957 755 3018 tam
785 2956 931 3035 temere
960 2941 1240 3047 circumvagari
1260 2965 1379 3047 quam
1400 2934 1556 3044 peregri·

396 3068 526 3151 nando
544 3070 669 3179 sapere
688 3073 858 3153 videaris.
900 3072 1028 3166 Heus,
1057 3075 1180 3181 arrige
1208 3075 1342 3153 oculos
1371 3072 1557 3149 animum·

395 3209 498 3320 que!
537 3214 676 3322 ecquid
705 3215 809 3307 novi,
843 3212 984 3321 ecquid
1015 3213 1278 3293 memorabilis
1307 3212 1381 3292 tibi
1409 3207 1554 3290 exhibet

395 3350 523 3460 Regio
539 3352 622 3433 haec
635 3351 847 3462 sylvestris?
876 3351 1018 3459 ecquid
1029 3350 1140 3457 juvat
1153 3349 1361 3431 hominum
1379 3348 1555 3429 locorum·

395 3510 473 3590 que
492 3484 734 3565 viciffitudo?
762 3484 952 3595 sylvarum
971 3483 1087 3591 longe
1105 3483 1259 3593 lateque
1278 3479 1553 3593 prospectum&

396 3620 585 3729 quicquid
603 3620 766 3702 demum
785 3646 871 3702 rora
889 3618 1037 3701 habent
1060 3621 1365 3702 amoenitatum?
1410 3620 1551 3719 Quanta

396 3752 544 3861 ubique
575 3754 770 3863 pecudum
803 3753 1047 3863 frequentim
1086 3754 1296 3837 hominum
1327 3774 1550 3861 veroquam

376 3894 380 3904 ’
396 3896 497 3971 mira
513 3890 681 3972 solitudo
697 3891 713 3970 ἰ
751 3894 805 3973 Et
823 3913 944 3987 certe,
972 3910 1015 3999 ut
1039 3894 1144 4003 quod
1169 3920 1230 3973 res
1249 3879 1302 3972 est
1320 3894 1471 4000 loquar,
1497 3916 1550 3971 na·

395 4052 481 4112 tura
498 4030 565 4109 soli
582 4028 735 4110 videtur
752 4030 826 4109 illis
844 4029 961 4138 longe
987 4029 1319 4111 accommodatior
1343 4054 1463 4137 quam
1492 4026 1549 4107 his.

395 4163 436 4243 si
458 4162 637 4254 Bucolica
656 4162 729 4243 tibi
747 4164 822 4245 fint
839 4192 953 4259 cora,
973 4164 1095 4245 boum
1112 4181 1273 4273 gentem
1293 4162 1484 4243 admirare
1502 4160 1549 4239 oi·

268 4392 271 4395 q
394 4298 516 4377 tidom
533 4296 646 4407 plane
659 4298 703 4378 dc
715 4297 942 4380 liberalem:
972 4328 1019 4379 en
1041 4319 1150 4408 terga
1170 4299 1290 4379 boum
1312 4297 1431 4377 titulo
1450 4322 1549 4407 eque·

396 4430 521 4511 stri&
540 4429 716 4514 Praetoris
745 4432 882 4527 urbani
912 4434 1052 4537 meoste
1082 4430 1325 4543 digniffima!
1370 4432 1444 4515 Sed
1471 4430 1547 4511 heus

363 4587 366 4592 ⁴
1483 4568 1546 4657 Tu,
