3509 5175
511 509 513 513 ·
636 470 661 615 [
735 506 827 605 123
900 480 924 617 ]
1015 502 1068 547 ··

202 703 253 790 Et
270 700 424 817 queruli
441 698 637 794 Gemitus,
666 719 705 783 et
721 700 891 813 plurima
906 686 1049 785 Mortis
1074 700 1231 815 imago!

253 864 347 985 Qu
364 870 476 954 Risus
496 888 618 967 tener,
647 888 699 965 et,
728 898 814 981 quae
831 870 999 981 plurima
1016 854 1118 965 lulit,
1144 872 1254 955 ocelli
1271 844 1276 851 ’

205 1040 337 1127 Gratia
351 1040 469 1123 dulce
487 1037 648 1137 micans,
674 1069 754 1153 quo
772 1038 942 1152 pulchris
961 1040 1086 1123 Suada
1102 1040 1250 1125 labellis

204 1208 252 1291 Et
269 1210 391 1323 lepidi
408 1208 542 1321 sugere
560 1212 684 1294 sales?
712 1229 753 1294 et
771 1208 955 1321 quicquid
975 1235 1123 1292 amores
1268 1308 1271 1315 .

203 1378 388 1491 Inspirans
406 1376 583 1463 animum
603 1368 923 1474 varia'dulcedine
941 1365 1102 1460 mulsit?

255 1548 293 1631 0
316 1549 440 1633 tristes
459 1570 619 1663 experte
633 1546 759 1632 vices!
791 1574 897 1629 nunc
915 1544 1080 1657 pallidus
1099 1544 1237 1629 horror

205 1691 345 1803 Obruit
362 1720 579 1804 extindtum
595 1693 745 1828 dejecto
762 1691 913 1799 lumine
931 1715 1083 1802 vultum
1100 1745 1111 1795 :

203 1884 318 1971 Nunc
335 1915 411 1971 vox
427 1888 469 1970 in
489 1888 626 1971 mediis
643 1884 846 1969 conatibus
862 1910 960 1995 aegra
978 1884 1132 1979 fatiscit,

205 2056 466 2169 Aversumque
483 2033 603 2171 caput
621 2056 708 2137 lesia
724 2056 871 2139 cervice
889 2054 1084 2135 recumbit
1098 2088 1112 2147 t

204 2223 321 2307 Nunc
338 2225 503 2337 preffum
521 2226 623 2307 male
640 2229 773 2335 pestus
789 2225 926 2333 iniquo
943 2222 1112 2335 pondere
1129 2241 1262 2307 contra

206 2392 350 2477 Subfilit
369 2395 583 2489 obluctans,
613 2395 709 2475 dum
729 2390 858 2503 spissus
877 2410 918 2471 et
937 2392 1003 2471 ilia
1021 2389 1167 2472 ducens

204 2558 409 2672 singultim
427 2562 579 2674 trepido
596 2563 818 2674 prorumpit
836 2558 1028 2646 anhelitus
1045 2585 1125 2641 ore.

205 2730 349 2814 interea
367 2731 523 2843 refugus
542 2732 622 2814 coit
640 2732 687 2813 ad
707 2733 917 2843 praecordia
934 2729 1100 2839 sanguis,

204 2899 381 3016 Laxaque
400 2903 582 3012 inaequali
601 2902 794 3012 trepidans
815 2898 951 2982 arteria
969 2897 1080 3008 pulsu

205 3065 376 3154 lostantis
399 3069 470 3152 fati
488 3071 701 3183 praenuntia
719 3071 875 3154 denotat
899 3070 1037 3148 istum.

251 3239 289 3318 Ο
308 3241 398 3350 quis
417 3239 561 3321 labenti
580 3238 734 3348 praesens
755 3237 966 3318 succurrere
984 3235 1072 3316 vitae
1095 3243 1099 3250 '

204 3401 352 3489 Praestet
369 3407 513 3518 opem?
541 3406 676 3488 frustra
694 3407 844 3488 circum
861 3403 1102 3486 famulantur
1118 3399 1266 3496 Amici,

204 3571 322 3660 Triste
341 3573 624 3657 ministerium!
667 3596 779 3683 atque
796 3572 936 3654 animis
954 3589 1069 3680 atque
1089 3589 1170 3654 arte
1189 3569 1368 3696 magistra

205 3739 368 3856 Inclytus
389 3747 702 3826 Hrnoenarrs
723 3741 847 3824 studio
865 3741 903 3821 se
924 3741 1047 3849 jaslat
1064 3738 1170 3818 inani
1209 3855 1212 3863 y

207 3909 347 3994 Omnia
362 3913 608 4024 prospiciens,
634 3912 697 3994 seu
714 3911 831 3992 dotto
849 3907 990 4018 pollice
1007 3933 1145 3989 venam

205 4075 399 4188 Explorat,
426 4074 794 4193 gelidisveinfnndit
813 4075 948 4198 pocula
965 4075 1092 4156 labris.

205 4243 266 4328 Ah
284 4267 324 4331 te
340 4249 421 4332 fata
438 4249 610 4348 trahunt,
638 4267 755 4359 atque
772 4243 1061 4328 immedicabile
1077 4241 1215 4325 vulnus

204 4413 306 4500 Intus
321 4445 435 4531 agens
453 4421 604 4536 peredit
621 4415 756 4504 lethali
766 4414 863 4501 tabe
881 4410 1066 4496 medullas
1082 4410 1092 4494 l
1253 4443 1259 4454 ·

820 4581 912 4692 Q
1280 4571 1370 4657 Nec
