3509 5175
817 403 1248 586 [²9osl

386 649 547 744 meritis,
576 663 619 728 ut
638 648 738 728 ultro
757 645 985 728 detrectaret
994 683 1009 740 3
1046 646 1096 729 de
1115 645 1303 756 dignitate
1320 647 1559 730 descendens

383 791 461 882 sua,
491 807 529 870 et
548 786 795 896 popularibus
813 785 988 880 fastidiis,
1017 787 1144 895 potius
1170 813 1291 899 quam
1309 786 1481 882 invidiae,
1508 789 1556 870 Se

382 922 625 1004 submittens.

439 1057 781 1142 Munificentiam⁸
816 1086 972 1167 quoque
995 1059 1131 1156 suam,
1161 1085 1239 1168 qua
1268 1059 1411 1166 potuit,
1444 1059 1553 1142 diffi-

383 1195 574 1285 mulavit3
614 1218 694 1272 non
725 1215 866 1298 magna
894 1191 1004 1299 loqui
1033 1192 1168 1284 voluit,
1196 1193 1264 1272 sed
1279 1191 1433 1286 facere;
1460 1219 1551 1301 pro-

383 1324 480 1406 deffe
501 1325 649 1416 maluit,
678 1305 798 1430 quam
815 1323 997 1432 conspici.

346 1591 348 1598 Α
442 1583 444 1602 Ι
492 1492 549 1573 Ut
569 1491 686 1571 tacito
704 1490 810 1602 lapsu
830 1490 1009 1571 nocturni
1027 1491 1183 1596 guttula
1197 1490 1291 1570 roris

489 1625 658 1703 Recreat
688 1621 811 1703 effoeti
830 1623 1057 1701 morituram
1075 1621 1261 1730 graminis
1279 1617 1470 1712 herbam,

380 1844 489 1924 Illius
518 1840 772 1924 beneficentia
791 1843 1028 1935 clanculum,
1058 1859 1097 1920 et
1118 1842 1222 1949 quasi
1241 1843 1395 1924 coelitus
1415 1839 1550 1948 delap-

381 1984 432 2076 sa,
468 1981 676 2062 hominum
710 1981 990 2063 neceffitatibus
1020 1979 1058 2060 se
1088 1978 1308 2072 infinuavit,
1336 1979 1416 2059 fine
1441 1977 1550 2070 teste,

376 2119 453 2206 fine
479 2119 680 2226 preconio,
708 2114 901 2226 fastuque
918 2116 1028 2197 omni
1056 2112 1284 2195 Pharisaico.
1331 2113 1368 2192 ‘o
1396 2117 1550 2225 nempi

380 2251 519 2344 βλεπων
534 2280 562 2328 εν
579 2282 625 2356 τῳ
643 2241 767 2359 npvrrlp
782 2241 947 2328 enodare
966 2279 997 2327 εν
1012 2278 1060 2352 τῳ
1077 2257 1216 2354 φανερῳ.

440 2379 551 2485 Qin
572 2378 655 2457 vide
674 2402 786 2484 porro
805 2375 845 2454 in
866 2374 946 2482 ipso
964 2373 1228 2474 collocationis
1240 2372 1394 2454 deledlu
1407 2373 1549 2454 modo·
1594 2472 1595 2475 Ἴ

382 2540 459 2621 que
479 2538 557 2591 non
578 2526 732 2589 tantum
752 2506 933 2623 bonitatis
961 2503 1025 2584 sed
1054 2505 1095 2584 dc
1123 2505 1263 2587 miram
1297 2505 1549 2615 providentia
1594 2500 1595 2549 l

383 2644 565 2722 laudem:
607 2637 707 2718 nihil
738 2638 785 2719 ab
815 2640 877 2719 Eo
897 2636 1186 2733 inconsiderate,
1216 2666 1287 2749 pro
1304 2638 1470 2721 libidine
1486 2658 1549 2721 ant

381 2776 548 2869 fastidio,
577 2772 641 2852 sed
655 2772 788 2853 omnia
806 2774 847 2851 in
868 2772 952 2851 usus
971 2768 1165 2864 honestos,
1192 2763 1369 2861 walmes,
1397 2792 1549 2855 etcum

377 2884 537 2986 ronsrlio
557 2920 788 3013 maturoque
806 2902 927 2985 animi
946 2882 1192 2985 deliberantis
1210 2904 1376 3013 judicio,
1403 2906 1548 2986 consti·

382 3064 479 3125 tuta.
496 3043 671 3123 -Cum
688 3044 819 3151 itaque
838 3041 1090 3125 Bibliotheca
1109 3042 1402 3137 Lambethanae,
1426 3070 1548 3152 quam

381 3185 425 3263 in
446 3181 555 3261 omni
573 3207 712 3289 genere
730 3180 1053 3261 instrudtiffimam
1071 3180 1143 3263 effe
1161 3183 1349 3291 oportuit,
1371 3181 1548 3293 inopiam
1593 3251 1594 3314 ἰ

422 3426 438 3463 a
458 3403 575 3463 Constat
588 3423 623 3462 ex
637 3400 766 3461 indubiis
778 3401 973 3461 monumentis
983 3402 1069 3474 Eum,
1089 3402 1205 3479 lingulis
1219 3400 1312 3473 annis,
1332 3403 1396 3482 post
1410 3405 1546 3483 expensus

380 3498 588 3559 Transsationis
603 3501 663 3576 ejus
677 3498 714 3557 ad
727 3497 829 3559 Sedem
843 3498 981 3560 cantuar.
989 3500 1133 3578 perediae,
1140 3498 1216 3558 ultra
1230 3515 1312 3559 2000
1323 3498 1413 3559 libras
1419 3505 1548 3581 sterling.

310 3622 315 3627 ·
384 3596 416 3653 in
430 3592 538 3652 adibus
556 3592 675 3669 privatae
695 3590 892 3652 beneficentiae
906 3592 1066 3664 annuatim,
1086 3592 1123 3651 de
1145 3591 1206 3663 suo,
1225 3590 1368 3671 erogtffe:
1398 3591 1549 3671 speciatim

383 3683 507 3747 contulit
522 3681 580 3738 fere
594 3681 682 3739 libras
697 3681 768 3742 600.
790 3682 827 3741 ad
841 3683 991 3761 Capellam
1005 3683 1040 3742 de
1052 3684 1191 3750 ,Stockwell
1208 3684 1242 3743 in
1263 3683 1375 3745 Paroec.
1389 3682 1549 3746 Lambetb.

383 3770 573 3835 extruendam
588 3772 798 3834 &ornandam

317 3861 320 3873 ¹
424 3856 468 3925 Er
482 3866 677 3934 Testamento,
697 3880 801 3941 praeter
814 3863 982 3925 donationes
994 3864 1283 3942 privataecharitatis,
1301 3867 1410 3947 legavit
1430 3886 1464 3929 tt
1469 3887 1549 3942 ,ooo

383 3960 481 4028 libras,
501 3956 557 4035 piis
571 3954 666 4014 ufibus
679 3955 805 4032 publicis
820 3956 981 4015 destinatas.

422 4049 483 4109 Scil.
508 4047 643 4107 Societati
658 4046 694 4106 de
707 4047 893 4128 Propaganda
905 4049 976 4107 Fide
990 4048 1151 4111 christiane
1237 4080 1320 4099 ··-·-
1413 4056 1547 4133 ιοοοζ.

422 4142 497 4201 Aliis
512 4139 851 4221 Societatibusreligiosu
865 4148 891 4201 tc
905 4141 1124 4219 Prochotrophis
1137 4143 1265 4205 Londin.
1317 4175 1360 4193 -
1408 4163 1507 4227 4500.

421 4233 497 4295 Aliis
512 4234 581 4293 alibi
595 4234 827 4316 Ptochotrophiis
947 4265 1063 4282 —-
1182 4270 1265 4288 --
1410 4258 1506 4321 2500.

422 4324 468 4391 nd
483 4322 648 4387 reficiendas
660 4324 749 4387 AEdes
760 4325 929 4387 Paroeciales
941 4325 1119 4406 pauperioris
1130 4328 1209 4390 Cleri
1227 4330 1259 4389 in
1269 4326 1396 4388 Dioeces.

502 4410 576 4473 Cant
579 4443 1352 4476 ******
1412 4438 1508 4484 2000.

1299 4500 1553 4629 perspiceret,
