3509 5175
249 679 309 770 Et
324 673 501 799 profesio
518 685 628 769 omni
646 687 687 766 in
706 699 812 796 parte
829 684 969 792 αξιωμαι
988 671 1217 796 Episcopale
1245 683 1373 767 mori·

191 822 286 918 bus,
316 819 474 931 perinde
493 847 538 905 ac
556 819 788 914 eruditione,
808 821 1007 902 illustravit
1017 859 1030 916 3
1059 821 1100 900 in
1120 818 1193 900 hac
1212 821 1374 930 provin·

192 958 259 1039 cia
281 956 578 1040 administranda
598 982 667 1073 per
687 977 806 1038 annos
826 957 1028 1067 plusquam
1048 953 1373 1064 vigintibantti-
1456 1059 1458 1062 Ι

193 1090 302 1185 tatis,
336 1090 573 1202 Diligentiae,
614 1086 911 1187 Moderationis,
954 1091 1374 1198 Benignitat18,tanta

195 1202 427 1306 cum‘laude
445 1204 674 1320 versabatur,
705 1247 748 1306 ut
775 1225 968 1306 bonorum
997 1227 1176 1304 omnium
1204 1227 1303 1305 votis
1333 1225 1375 1305 dc

197 1335 736 1469 expediationiresponderit,
766 1359 849 1437 imo
879 1358 919 1435 bc
950 1359 1279 1438 Academicorum
1311 1389 1375 1436 των

195 1519 393 1610 χωριεςερων
402 1497 673 1581 offensionibus
684 1497 758 1576 five
772 1495 932 1574 fastidiis
947 1477 1178 1586 satisfecerit,
1196 1495 1235 1572 dc
1252 1492 1374 1572 bene·

196 1623 381 1707 faciendo
398 1631 562 1738 gratiam
584 1627 810 1738 popularem
830 1628 912 1708 Sibi
939 1631 978 1708 dc
1005 1629 1256 1726 reverentiam
1275 1653 1374 1706 con-

197 1755 402 1837 ciliaverit.
433 1761 522 1867 Ego
541 1761 702 1867 quidem
722 1759 888 1840 libenter
906 1761 945 1838 in
969 1759 1030 1840 illa
1051 1777 1224 1867 tempora
1242 1759 1374 1852 rede0,

198 1913 286 1996 quae
307 1887 471 1998 pristinae
492 1894 773 1974 neceffitudinis
796 1911 877 1973 tam
896 1889 1059 1999 publica
1078 1921 1200 2002 quam
1219 1893 1375 2003 privatae

198 2025 434 2103 memoriam
462 2045 642 2105 revocant
669 2026 997 2132 jucundissimam,
1026 2025 1216 2136 simulque
1245 2027 1374 2112 admi·
1449 2097 1456 2119 ,

199 2157 474 2239 nistrationum
486 2159 964 2269 Episcopalium,quarum
978 2157 1162 2239 beneficia
1173 2189 1241 2268 per
1255 2160 1374 2240 Dioe-

199 2288 301 2369 celin
319 2289 435 2399 longe
457 2291 612 2401 lateque
643 2291 883 2371 disseminata
902 2291 1081 2383 vidimus,
1111 2293 1375 2400 redintegrant

199 2423 398 2505 notitiam.
690 2526 693 2532 Ι

255 2554 364 2635 Cleri
393 2554 549 2637 interim
579 2557 807 2639 Oxonienfis
834 2582 1014 2667 quaenam
1046 2557 1094 2637 de
1125 2557 1198 2637 Illo
1228 2554 1375 2637 suerint

195 2686 355 2793 judicia,
371 2716 420 2769 en
440 2689 709 2771 testimonium
724 2686 1005 2771 honorificum!
1027 2690 1240 2771 officiosum
1255 2686 1373 2786 illud,

201 2820 342 2929 quode
357 2822 560 2903 Provincia
574 2818 824 2906 decedentem
840 2824 1150 2933 prosequebatur,
1162 2841 1375 2933 commune
1402 2928 1404 2931 Ι

200 2957 446 3039 desiderium.

256 3092 381 3200 Regis
401 3092 542 3202 optimi
562 3093 610 3173 de
629 3121 676 3173 eo
698 3093 893 3199 judicium
918 3094 1031 3203 quale
1055 3092 1188 3186 suerit,
1216 3120 1276 3172 res
1294 3090 1375 3203 ipsa

201 3229 424 3310 declaravit.
454 3230 573 3309 Illum
590 3231 685 3309 adeo
704 3257 779 3339 prae
798 3232 941 3311 caeteris
958 3232 1196 3311 eminentem
1212 3224 1254 3309 iri
1269 3224 1374 3310 Hie-

202 3365 363 3445 rarchiae
380 3365 465 3444 sede
484 3366 660 3445 attiffima
676 3356 907 3445 collocatum
920 3364 1146 3475 plaudentes
1162 3361 1374 3445 veneraba-

203 3515 292 3579 mur
303 3534 316 3589 ς
347 3497 552 3581 homiuem
572 3500 716 3579 artibus
736 3501 993 3609 imperatoriis
1013 3497 1371 3579 instrudtissrmum:

205 3636 271 3744 qui
290 3638 332 3714 in
351 3634 454 3715 hisce
474 3636 602 3717 castris
623 3636 757 3716 nostris
784 3664 854 3747 per
872 3652 929 3721 tot
949 3664 1069 3722 annos
1089 3636 1240 3717 strenue
1261 3636 1396 3717 milis*

203 3790 364 3866 taverat,
400 3771 707 3883 &disciplinam
735 3800 898 3854 omnem
928 3772 1233 3854 Ecclefiasticam
1266 3791 1375 3852 tanta
1497 3842 1501 3847 ,

203 3935 296 3987 cum
324 3909 438 3989 laude
468 3911 803 4005 administraverat,
833 3910 946 3991 sacile
979 3904 1171 4020 intelliges
1201 3906 1373 3989 eundem

204 4038 384 4119 omnium
402 4040 499 4118 votis
519 4038 628 4120 fuisse
647 4040 899 4147 defigrratum‚
928 4056 1064 4147 utpote
1089 4036 1262 4118 maxime
1282 4035 1376 4115 ido«

206 4194 339 4265 neum,
388 4172 456 4280 qui
496 4173 709 4252 Provinciae
745 4172 1063 4253 Cantuarienfis=
1098 4167 1372 4255 Praefeuuram

205 4305 538 4419 Metropoliticam
556 4306 848 4387 administraret.

408 4496 425 4541 a
444 4474 587 4543 Transltt.
603 4476 640 4541 ad
653 4476 792 4559 Atcbiep.
806 4476 943 4541 Cantuat.
958 4474 1055 4559 April.
1068 4475 1154 4556 1758.
1233 4550 1269 4635 Ε

1272 4575 1371 4665 equa
