3509 5175
662 419 918 562 [99]

191 643 287 750 fieri
307 659 474 754 paterer,
502 641 556 724 &²-
575 645 641 726 hoc
659 643 793 740 mentio
806 671 928 738 errore
952 643 1146 752 gauderem
1161 644 1376 757 gratiffimo,

202 783 272 890 qai
287 780 383 862 moli
397 780 631 889 molestiarum
643 785 791 895 senfienc
817 814 952 869 ornnem
964 783 1155 890 fefellerit
1184 788 1250 869 vel
1263 787 1376 868 lenie-

203 915 301 998 rit?
339 919 482 1002 Scitum
502 918 666 1032 profello
681 921 835 1030 illudest
852 925 910 1006 ita
930 924 1182 1036 philosophari
1198 924 1305 1036 posti,
1334 940 1379 1006 ut
1500 933 1503 938 ’

204 1049 428 1134 incommodis
445 1083 491 1134 coe
506 1049 634 1135 alienis
653 1055 720 1135 imo
738 1055 782 1137 &
802 1055 875 1136 tuis
892 1055 1015 1165 aliqua
1030 1075 1213 1168 compares
1229 1081 1378 1146 commar

207 1181 278 1263 do:
309 1185 407 1296 quod
420 1187 532 1296 casum
545 1186 637 1294 mebi
652 1186 724 1268 tec
740 1189 780 1267 in
799 1218 842 1270 re
861 1207 906 1270 ut
923 1191 1116 1299 coutengat
1128 1191 1248 1294 velim.
1278 1189 1382 1271 Nol·

207 1321 272 1402 lent
291 1342 406 1416 certe,
427 1341 574 1433 prater
593 1348 674 1433 qua
705 1354 765 1406 res
797 1325 875 1434 ipso
888 1327 996 1434 jirt,
1027 1328 1103 1408 aliu
1122 1328 1262 1434 irficper
1280 1326 1382 1409 mala

207 1460 390 1571 aceerstm
403 1497 416 1554 ς
428 1459 504 1570 sed
526 1486 742 1571 quacunque
760 1462 975 1544 humanitus
991 1462 1195 1545 occiderint
1214 1492 1258 1544 eo
1272 1462 1382 1574 pati·

208 1610 312 1675 enter
323 1593 474 1696 feram,
501 1612 571 1676 out
587 1615 675 1678 orte
692 1597 901 1704 corrigame
941 1599 1049 1680 donec
1082 1617 1151 1680 aut
1182 1599 1291 1708 longa
1310 1597 1385 1678 dies

206 1726 321 1807 dolori
338 1729 471 1812 callum
491 1727 692 1824 obduxerit,
721 1749 791 1811 out
810 1758 916 1817 novoe
945 1731 1194 1842 occupationes
1220 1728 1382 1840 quedam

210 1861 411 1968 interjecta
440 1863 614 1957 ammaon,
644 1864 747 1973 quast
756 1864 827 1973 sui
851 1862 1098 1960 immemorem,
1128 1859 1153 1942 i
1181 1856 1278 1940 curis
1306 1885 1383 1936 mo·

208 1990 402 2098 lestioribus
429 1997 641 2079 avocarint.
690 2000 779 2080 Non
809 2024 958 2078 murore
985 2025 1084 2078 vano
1103 2023 1157 2077 ene
1183 1989 1383 2104 prosterni,

210 2145 277 2207 aut
302 2123 417 2207 otium
447 2128 540 2210 nihi
559 2130 706 2236 prorstes
732 2130 917 2234 languere!
925 2130 1089 2238 patior:
1134 2122 1385 2231 cogitationum
1505 2157 1510 2164 ·

205 2263 347 2372 pabula
365 2263 528 2374 quadarn
543 2263 711 2375 genereffa
730 2242 862 2376 quaero,
892 2267 1144 2380 materiemque
1163 2249 1326 2372 dignum,
1341 2258 1381 2336 iu

210 2421 277 2502 qua
303 2397 436 2478 mentis
461 2398 505 2478 &
528 2396 671 2506 ingenii
689 2395 791 2476 vires
808 2397 1075 2489 exercitentur,
1104 2393 1161 2474 ita
1186 2412 1230 2484 ut
1251 2387 1385 2496 stodiis

213 2528 628 2637 liberalibusoecupotus
653 2529 798 2612 animus
807 2527 888 2632 fibi
906 2531 1055 2641 placeat
1083 2525 1158 2638 laste
1186 2525 1385 2611 delectatus

202 2666 265 2772 suo
276 2702 290 2755 t
336 2683 449 2773 utque
476 2666 577 2756 odeo,
605 2662 775 2772 quicquid
794 2659 903 2743 habet
929 2660 1081 2771 mfferiee
1112 2660 1315 2770 domestica,
1345 2656 1388 2769 id

213 2832 311 2884 omne
330 2802 497 2910 aliorstent
515 2802 694 2903 traducat
712 2798 917 2912 efficiatque,
948 2799 991 2879 δέ
1008 2818 1251 2909 tanquamex
1276 2799 1384 2906 per'e·

210 2935 422 3041 grinotione
437 2935 631 3046 aliquando
648 2935 944 3047 tranquillior&
959 2931 1115 3015 hilarior
1124 2930 1180 3015 od
1186 2933 1233 3037 se
1252 2928 1385 3007 redeat.

265 3069 335 3152 Ab
355 3069 493 3151 homine
513 3068 651 3181 quidem
671 3066 886 3173 Christiano
906 3066 998 3148 unde
1016 3065 1206 3171 certiffimo
1225 3064 1386 3173 agritu-

217 3201 338 3283 dinum
355 3203 445 3307 five
474 3200 632 3281 remedia
643 3203 734 3307 five
746 3200 888 3310 solatia
917 3196 1068 3279 hauriri
1086 3194 1231 3311 poffiont
1260 3198 1304 3277 &5
1322 3193 1386 3277 de-

217 3334 312 3429 lent,
344 3333 560 3444 experiundo
571 3332 738 3449 stntiens
755 3362 889 3415 onerum
909 3359 984 3411 uno
1001 3327 1192 3433 intelliges,

439 3534 517 3591 anm
545 3502 579 3591 θ’
596 3502 718 3607 inulae
745 3545 804 3606 noco
831 3530 926 3613 noym
952 3508 1142 3612 Jcnxrnpeoo·

218 3732 320 3839 Quid
334 3736 428 3817 enim
446 3734 575 3815 diuma
589 3732 716 3813 elocent
733 3726 915 3815 oraculo?
945 3725 1303 3838 Ecquandoam'mus
1321 3721 1394 3803 tibi

219 3871 309 3951 mole
333 3866 560 3977 sehabet?
601 3866 782 3976 ecquando
813 3860 965 3944 dolorum
994 3860 1113 3941 aculei
1141 3855 1391 3941 vehementius

221 4002 428 4084 cruciont?
457 4000 549 4112 quid
561 3999 711 4107 restat?
739 4000 778 4080 in
793 4000 876 4079 Deo
882 3992 1064 4103 fiduciam
1083 3975 1212 4107 repone
1230 4019 1390 4073 omnem:
1455 4016 1459 4023 ·

219 4130 286 4211 buc
304 4130 467 4213 animum
484 4128 643 4212 advorte
660 4145 777 4209 totum
789 4162 801 4217 ς
831 4126 917 4209 hinc
946 4124 1017 4207 tibi
1046 4126 1065 4207 l
1089 4119 1245 4205 tenebris
1274 4124 1394 4205 lumen

219 4263 426 4373 effulgebit,
453 4262 492 4343 in
524 4291 567 4343 re
593 4259 786 4371 desperati
807 4260 950 4369 salutis
964 4261 1052 4370 spes
1082 4256 1394 4369 annomeoque
1486 4296 1488 4303 ⁴

220 4394 358 4479 leonum
384 4392 513 4478 vitalis
542 4393 696 4509 gaudia.
749 4396 855 4477 Num
875 4420 971 4474 vere
987 4390 1241 4503 philosophari
1255 4388 1393 4503 cupio?

831 4524 875 4609 N
905 4550 930 4609 2
1355 4550 1400 4609 en
