3509 5175
610 454 644 593 ’[
719 461 811 584 18³
887 452 909 595 ]

191 684 440 764 Veruntamen
458 676 533 761 hac
551 678 593 759 in
607 680 715 761 causa
731 682 837 790 quod
854 680 938 761 usui
955 682 1035 774 fiet,
1055 678 1153 763 nihil
1170 674 1344 769 disfimu-

189 820 337 899 landum
356 834 461 926 puto,
490 818 621 898 necin
642 819 835 899 erroribus
856 817 912 897 ibi
932 819 1146 927 quidquam
1173 806 1347 907 lere'aut

190 958 387 1051 tolerabile,
418 958 487 1036 ubi
506 960 637 1037 omnia
655 960 770 1065 cupio
790 958 862 1037 else
883 956 1159 1065 perfedliffima.
1191 972 1193 977 ‘

236 1095 296 1171 Ad
328 1111 366 1169 te
394 1091 570 1182 demum,
599 1092 658 1169 vir
684 1091 922 1184 amicissime,
952 1092 1099 1173 rediens
1124 1118 1169 1172 ea
1187 1096 1347 1203 quidem

189 1224 288 1303 video
307 1253 394 1332 quae
414 1225 540 1304 Almae
564 1226 686 1305 Matri
713 1226 848 1305 nostrae
869 1228 958 1332 jure
985 1227 1166 1333 gratuler.
1225 1228 1346 1309 Nun-

189 1388 292 1467 quam
315 1380 420 1438 eerte
448 1361 495 1439 de
523 1390 566 1437 ea
596 1361 792 1469 republica
816 1361 1108 1471 desperaverim,
1139 1391 1225 1471 quae
1245 1365 1347 1444 viros

188 1498 395 1606 complures
417 1497 474 1575 tui
494 1496 633 1576 similes
658 1499 869 1605 protulerit.
887 1498 1030 1578 -Sed
1065 1502 1215 1609 parcius
1251 1498 1348 1595 haec,

191 1630 229 1707 ad
255 1650 291 1709 te
310 1630 489 1720 scribens,
521 1630 757 1736 cogitatione
788 1633 1066 1741 potiusquam
1098 1632 1195 1739 stylo
1224 1634 1349 1741 prose-

190 1765 341 1872 quenda.
390 1765 513 1869 Perge
538 1791 667 1871 porro,
696 1747 801 1871 quod
829 1761 937 1856 facis,
969 1792 1051 1845 rem
1071 1765 1277 1847 literariarn
1308 1768 1348 1846 dt

190 1897 494 2007 preceptionibus
514 1925 742 2005 promovere
762 1900 801 1976 dc
820 1900 1000 2009 exemplo
1019 1926 1152 1978 ornare
1163 1936 1175 1992 ς
1206 1928 1349 1979 mune-

191 2034 317 2141 risque,
349 2034 453 2141 quod
481 2034 651 2125 sustines,
680 2031 888 2140 graviffimi
921 2053 1044 2140 partes
1074 2034 1350 2141 adimplere&

189 2170 397 2249 universum
419 2164 566 2271 Ιοιξιωμοι
597 2168 721 2275 tueri:
762 2168 947 2275 quicquid
976 2168 1068 2277 inde
1097 2169 1249 2249 invidiae
1278 2169 1351 2248 tibi

190 2306 400 2395 accreverit,
430 2303 470 2381 id
492 2331 608 2382 omne
627 2302 804 2383 laudibus
824 2330 975 2411 appone
995 2305 1081 2382 tuis.
1125 2304 1265 2383 Gaude
1289 2308 1352 2383 in-

191 2443 293 2521 terim
313 2442 471 2548 ingenio
492 2460 559 2519 tuo
592 2442 799 2547 animoque
827 2441 945 2532 bon0,
979 2440 1032 2532 dc,
1062 2441 1088 2518 fi
1117 2438 1216 2519 nihil
1246 2432 1351 2520 aliud

190 2572 369 2651 mercedis
388 2568 595 2663 accesserit,
623 2571 727 2648 redte
747 2568 940 2647 didtorum
959 2565 1229 2678 fadorumque
1255 2599 1351 2649 con-

190 2709 343 2789 scientia.
389 2693 618 2788 Praeclarum
648 2709 835 2817 quiddam
866 2707 919 2787 est
951 2707 998 2788 de
1028 2705 1224 2820 republica
1256 2711 1353 2788 bene

190 2845 347 2922 mereri:
389 2860 428 2919 at
448 2839 553 2931 'ver0,
581 2841 678 2921 dum
696 2841 786 2920 seris
807 2842 916 2920 alteri
938 2869 1022 2949 quae
1040 2841 1183 2952 profint
1202 2842 1352 2937 saeculo,

190 2981 329 3058 utinam
351 3007 488 3087 eorum
504 2979 650 3058 fruetus
666 2981 802 3089 aliquis
817 2981 865 3059 ad
881 2999 917 3058 te
932 2981 1141 3060 redundet:
1172 2999 1229 3073 ut,
1250 2982 1355 3091 quod

190 3110 265 3192 sore
287 3141 446 3223 aequum
476 3114 638 3195 arbitror
667 3117 706 3194 de
736 3114 783 3192 ab
811 3084 993 3192 omnibuis
1015 3113 1102 3220 jure
1121 3103 1354 3208 concessum,

190 3251 347 3328 cumin
379 3251 549 3355 negotio,
584 3250 814 3357 &quidem
846 3244 1123 3340 honestiffimo,
1164 3273 1243 3325 non
1277 3246 1355 3326 fine

189 3387 319 3493 gloria,
348 3387 410 3466 sed
430 3415 502 3465 nec
522 3386 599 3466 fine
621 3387 906 3478 offensronibus,
936 3387 1097 3464 versatus
1123 3383 1253 3478 fueris,
1282 3384 1355 3464 ali-

191 3525 340 3630 quando
369 3525 486 3603 etiam
516 3525 557 3602 in
586 3526 668 3602 otio
696 3553 789 3603 cum
818 3523 1006 3630 dignitate
1033 3522 1357 3604 &emolumento

190 3663 356 3767 quodam
376 3658 446 3738 esse
465 3659 588 3768 poffis.
617 3661 702 3766 Ego
722 3660 880 3768 quidem
895 3685 965 3768 pro
980 3659 1129 3766 pietatis
1149 3679 1230 3738 tam
1251 3660 1357 3769 pub·
1432 3693 1433 3698 ¹
1530 3651 1534 3664 ’

190 3793 265 3874 licae
284 3821 408 3902 quam
428 3794 583 3900 private
604 3792 733 3872 officio
753 3791 821 3871 tibi
843 3791 944 3870 bona
957 3818 1185 3900 comprecor
1199 3782 1356 3885 omnia}

190 3931 224 4008 de
255 3931 383 4040 fiquid
414 3930 515 4010 sorte
543 3928 778 4008 ambitiosrus
808 3927 934 4006 nostra
965 3925 1146 4007 asfectent
1176 3943 1276 4018 vota,
1317 3927 1358 4005 id

189 4089 299 4143 omne
319 4063 363 4142 in
384 4059 581 4142 felicitatis
602 4077 676 4141 tuae
695 4060 879 4139 defiderio
901 4055 1081 4168 profiteor
1109 4055 1314 4154 contineri.

240 4192 471 4303 scriptionis
492 4191 647 4300 hujusce
666 4191 868 4272 confilium
882 4189 963 4270 fuse
981 4190 1065 4269 satis
1085 4183 1254 4294 exposui,
1277 4186 1359 4293 jam

189 4333 348 4414 tandem
366 4333 407 4410 de
426 4331 664 4412 occationem
682 4330 776 4410 libet
801 4327 971 4439 proferre
983 4362 996 4418 3
1026 4327 1066 4404 dc
1090 4351 1137 4403 eo
1161 4323 1359 4419 libentius,

192 4493 281 4550 cum
300 4467 416 4551 fimul
434 4467 477 4550 in
497 4469 728 4550 memoriam
740 4467 853 4549 redeo
862 4453 1177 4574 jucundiffimam
1191 4459 1366 4540 Gulielmi

303 4577 310 4594 ⁴
1118 4601 1361 4710 Greenoway,
