<?xml version="1.0" encoding="UTF-8"?>
<!DOCTYPE html PUBLIC "-//W3C//DTD XHTML 1.0 Transitional//EN"
    "http://www.w3.org/TR/xhtml1/DTD/xhtml1-transitional.dtd">
<html xmlns="http://www.w3.org/1999/xhtml" xml:lang="en" lang="en">
 <head>
  <title>
</title>
<meta http-equiv="Content-Type" content="text/html;charset=utf-8" />
  <meta name='ocr-system' content='tesseract 3.04.00' />
  <meta name='ocr-capabilities' content='ocr_page ocr_carea ocr_par ocr_line ocrx_word'/>
</head>
<body>
  <div class='ocr_page' id='page_1' title='image "./opusculamiscell01burtgoog_0169.png"; bbox 0 0 3509 5175; ppageno 0'>
   <div class='ocr_carea' id='block_1_1' title="bbox 643 426 941 587">
    <p class='ocr_par' dir='ltr' id='par_1_1' title="bbox 643 426 941 587">
     <span class='ocr_line' id='line_1_1' title="bbox 643 426 941 587; baseline -0.013 -2"><span class='ocrx_word' id='word_1_1' title='bbox 643 426 941 587; x_wconf 60' lang='grc' dir='ltr'>[ψ]</span> 
     </span>
    </p>
   </div>
   <div class='ocr_carea' id='block_1_2' title="bbox 206 651 1463 1307">
    <p class='ocr_par' dir='ltr' id='par_1_2' title="bbox 206 651 1463 1307">
     <span class='ocr_line' id='line_1_2' title="bbox 210 651 1456 771; baseline -0.011 -26"><span class='ocrx_word' id='word_1_2' title='bbox 210 660 321 771; x_wconf 83' lang='lat' dir='ltr'>Qin</span> <span class='ocrx_word' id='word_1_3' title='bbox 337 657 426 743; x_wconf 74' lang='lat' dir='ltr'>ride</span> <span class='ocrx_word' id='word_1_4' title='bbox 444 656 738 764; x_wconf 79' lang='lat' dir='ltr'>bomo-homini</span> <span class='ocrx_word' id='word_1_5' title='bbox 748 653 1010 765; x_wconf 69' lang='lat' dir='ltr'>‘inhogparte</span> <span class='ocrx_word' id='word_1_6' title='bbox 1019 651 1295 765; x_wconf 61' lang='lat' dir='ltr'>quidprastot,</span> <span class='ocrx_word' id='word_1_7' title='bbox 1312 689 1384 755; x_wconf 75' lang='lat' dir='ltr'>ex·</span> <span class='ocrx_word' id='word_1_8' title='bbox 1450 710 1456 731; x_wconf 88' lang='lat'><strong>.</strong></span> 
     </span>
     <span class='ocr_line' id='line_1_3' title="bbox 207 772 1384 903; baseline -0.01 -28"><span class='ocrx_word' id='word_1_9' title='bbox 207 797 392 876; x_wconf 87' lang='lat' dir='ltr'>ercitatus</span> <span class='ocrx_word' id='word_1_10' title='bbox 409 792 605 903; x_wconf 89' lang='lat' dir='ltr'>impetito,</span> <span class='ocrx_word' id='word_1_11' title='bbox 630 793 671 873; x_wconf 81' lang='lat' dir='ltr'>dc</span> <span class='ocrx_word' id='word_1_12' title='bbox 698 789 964 900; x_wconf 81' lang='lat' dir='ltr'>quidefficiat</span> <span class='ocrx_word' id='word_1_13' title='bbox 984 787 1069 899; x_wconf 87' lang='lat' dir='ltr'>ipsa</span> <span class='ocrx_word' id='word_1_14' title='bbox 1080 772 1268 876; x_wconf 86' lang='lat' dir='ltr'>scribendi</span> <span class='ocrx_word' id='word_1_15' title='bbox 1286 824 1384 879; x_wconf 88' lang='lat' dir='ltr'>con.</span> 
     </span>
     <span class='ocr_line' id='line_1_4' title="bbox 206 922 1463 1035; baseline -0.002 -24"><span class='ocrx_word' id='word_1_16' title='bbox 206 929 385 1011; x_wconf 88' lang='lat' dir='ltr'>suetudo.</span> <span class='ocrx_word' id='word_1_17' title='bbox 411 927 530 1035; x_wconf 77' lang='lat' dir='ltr'>Qis</span> <span class='ocrx_word' id='word_1_18' title='bbox 557 923 907 1035; x_wconf 83' lang='lat' dir='ltr'>nonexperiundo</span> <span class='ocrx_word' id='word_1_19' title='bbox 932 922 1190 1023; x_wconf 81' lang='lat' dir='ltr'>sentitmulta</span> <span class='ocrx_word' id='word_1_20' title='bbox 1207 953 1276 1007; x_wconf 88' lang='lat' dir='ltr'>nos</span> <span class='ocrx_word' id='word_1_21' title='bbox 1297 936 1387 1025; x_wconf 82' lang='lat' dir='ltr'>tum</span> <span class='ocrx_word' id='word_1_22' title='bbox 1460 978 1463 991; x_wconf 86' lang='lat'><em>·</em></span> 
     </span>
     <span class='ocr_line' id='line_1_5' title="bbox 207 1061 1387 1177; baseline 0.002 -32"><span class='ocrx_word' id='word_1_23' title='bbox 207 1067 407 1177; x_wconf 74' lang='lat' dir='ltr'>Lugentes</span> <span class='ocrx_word' id='word_1_24' title='bbox 421 1083 507 1148; x_wconf 91' lang='lat' dir='ltr'>tum</span> <span class='ocrx_word' id='word_1_25' title='bbox 521 1064 800 1173; x_wconf 72' lang='lat' dir='ltr'><strong>colloquentes</strong></span> <span class='ocrx_word' id='word_1_26' title='bbox 811 1062 947 1171; x_wconf 82' lang='lat' dir='ltr'>sugere</span> <span class='ocrx_word' id='word_1_27' title='bbox 965 1062 1012 1152; x_wconf 72' lang='lat' dir='ltr'>do</span> <span class='ocrx_word' id='word_1_28' title='bbox 1024 1061 1156 1157; x_wconf 70' lang='lat' dir='ltr'>latere,</span> <span class='ocrx_word' id='word_1_29' title='bbox 1177 1065 1303 1147; x_wconf 90' lang='lat' dir='ltr'>multa</span> <span class='ocrx_word' id='word_1_30' title='bbox 1319 1064 1387 1147; x_wconf 80' lang='lat' dir='ltr'>iti-</span> 
     </span>
     <span class='ocr_line' id='line_1_6' title="bbox 209 1195 1390 1307; baseline -0.008 -26"><span class='ocrx_word' id='word_1_31' title='bbox 209 1203 307 1283; x_wconf 87' lang='lat' dir='ltr'>dem</span> <span class='ocrx_word' id='word_1_32' title='bbox 326 1198 454 1282; x_wconf 83' lang='lat' dir='ltr'>elabi?</span> <span class='ocrx_word' id='word_1_33' title='bbox 482 1199 539 1279; x_wconf 84' lang='lat' dir='ltr'>At</span> <span class='ocrx_word' id='word_1_34' title='bbox 558 1226 648 1279; x_wconf 89' lang='lat' dir='ltr'>vero</span> <span class='ocrx_word' id='word_1_35' title='bbox 663 1195 928 1280; x_wconf 83' lang='lat' dir='ltr'>Scribentibus</span> <span class='ocrx_word' id='word_1_36' title='bbox 949 1195 1085 1278; x_wconf 90' lang='lat' dir='ltr'>eadem</span> <span class='ocrx_word' id='word_1_37' title='bbox 1098 1198 1230 1307; x_wconf 90' lang='lat' dir='ltr'>sponte</span> <span class='ocrx_word' id='word_1_38' title='bbox 1248 1227 1390 1281; x_wconf 66' lang='lat' dir='ltr'>occur,-</span> 
     </span>
    </p>
   </div>
   <div class='ocr_carea' id='block_1_3' title="bbox 208 1334 1478 4141">
    <p class='ocr_par' dir='ltr' id='par_1_3' title="bbox 208 1334 1478 3200">
     <span class='ocr_line' id='line_1_7' title="bbox 210 1334 1388 1445; baseline 0.001 -24"><span class='ocrx_word' id='word_1_39' title='bbox 210 1359 334 1421; x_wconf 85' lang='lat' dir='ltr'>runt:</span> <span class='ocrx_word' id='word_1_40' title='bbox 373 1335 546 1419; x_wconf 81' lang='lat' dir='ltr'>universa</span> <span class='ocrx_word' id='word_1_41' title='bbox 572 1339 612 1418; x_wconf 78' lang='lat' dir='ltr'>ds</span> <span class='ocrx_word' id='word_1_42' title='bbox 637 1335 783 1444; x_wconf 83' lang='lat' dir='ltr'>fingula</span> <span class='ocrx_word' id='word_1_43' title='bbox 809 1334 878 1427; x_wconf 80' lang='lat' dir='ltr'>sub</span> <span class='ocrx_word' id='word_1_44' title='bbox 906 1356 1069 1427; x_wconf 77' lang='lat' dir='ltr'>acumen</span> <span class='ocrx_word' id='word_1_45' title='bbox 1087 1337 1175 1445; x_wconf 88' lang='lat' dir='ltr'>styli</span> <span class='ocrx_word' id='word_1_46' title='bbox 1191 1339 1388 1421; x_wconf 83' lang='lat' dir='ltr'>subeunt:</span> 
     </span>
     <span class='ocr_line' id='line_1_8' title="bbox 210 1470 1478 1584; baseline -0.01 -25"><span class='ocrx_word' id='word_1_47' title='bbox 210 1476 426 1569; x_wconf 81' lang='lat' dir='ltr'>delicatum</span> <span class='ocrx_word' id='word_1_48' title='bbox 444 1473 644 1584; x_wconf 82' lang='lat' dir='ltr'><strong>quoddam</strong></span> <span class='ocrx_word' id='word_1_49' title='bbox 669 1470 866 1561; x_wconf 80' lang='lat' dir='ltr'>fastidium</span> <span class='ocrx_word' id='word_1_50' title='bbox 878 1471 1169 1561; x_wconf 82' lang='lat' dir='ltr'>Meditantibus</span> <span class='ocrx_word' id='word_1_51' title='bbox 1198 1472 1389 1563; x_wconf 71' lang='lat' dir='ltr'>adheret·</span> <span class='ocrx_word' id='word_1_52' title='bbox 1476 1531 1478 1546; x_wconf 37' lang='lat'>1</span> 
     </span>
     <span class='ocr_line' id='line_1_9' title="bbox 208 1606 1391 1723; baseline 0 -32"><span class='ocrx_word' id='word_1_53' title='bbox 208 1613 282 1705; x_wconf 90' lang='lat' dir='ltr'>cit,</span> <span class='ocrx_word' id='word_1_54' title='bbox 304 1610 508 1720; x_wconf 80' lang='lat' dir='ltr'>stylosque,</span> <span class='ocrx_word' id='word_1_55' title='bbox 531 1624 575 1699; x_wconf 86' lang='lat' dir='ltr'>ut</span> <span class='ocrx_word' id='word_1_56' title='bbox 591 1610 648 1689; x_wconf 89' lang='lat' dir='ltr'>ita</span> <span class='ocrx_word' id='word_1_57' title='bbox 666 1607 809 1700; x_wconf 79' lang='lat' dir='ltr'>diuam,</span> <span class='ocrx_word' id='word_1_58' title='bbox 824 1606 939 1695; x_wconf 76' lang='lat' dir='ltr'>‚mira</span> <span class='ocrx_word' id='word_1_59' title='bbox 957 1607 1126 1715; x_wconf 81' lang='lat' dir='ltr'>quadam</span> <span class='ocrx_word' id='word_1_60' title='bbox 1143 1610 1391 1723; x_wconf 80' lang='lat' dir='ltr'>praesensione</span> 
     </span>
     <span class='ocr_line' id='line_1_10' title="bbox 210 1742 1390 1853; baseline 0.003 -24"><span class='ocrx_word' id='word_1_61' title='bbox 210 1747 417 1831; x_wconf 80' lang='lat' dir='ltr'>soloecismi</span> <span class='ocrx_word' id='word_1_62' title='bbox 435 1748 475 1831; x_wconf 77' lang='lat' dir='ltr'>de</span> <span class='ocrx_word' id='word_1_63' title='bbox 493 1744 731 1853; x_wconf 84' lang='lat' dir='ltr'>inelegantiae</span> <span class='ocrx_word' id='word_1_64' title='bbox 741 1743 906 1851; x_wconf 78' lang='lat' dir='ltr'>cujusvis</span> <span class='ocrx_word' id='word_1_65' title='bbox 920 1744 1086 1853; x_wconf 84' lang='lat' dir='ltr'>speeiem</span> <span class='ocrx_word' id='word_1_66' title='bbox 1100 1742 1258 1853; x_wconf 57' lang='lat' dir='ltr'>refugit,</span> <span class='ocrx_word' id='word_1_67' title='bbox 1286 1747 1390 1833; x_wconf 76' lang='lat' dir='ltr'>sort-</span> 
     </span>
     <span class='ocr_line' id='line_1_11' title="bbox 211 1856 1391 1994; baseline -0.002 -33"><span class='ocrx_word' id='word_1_68' title='bbox 211 1880 324 1963; x_wconf 87' lang='lat' dir='ltr'>benti</span> <span class='ocrx_word' id='word_1_69' title='bbox 341 1907 420 1964; x_wconf 89' lang='lat' dir='ltr'>non</span> <span class='ocrx_word' id='word_1_70' title='bbox 438 1880 624 1972; x_wconf 83' lang='lat' dir='ltr'>monitor,</span> <span class='ocrx_word' id='word_1_71' title='bbox 650 1900 731 1964; x_wconf 89' lang='lat' dir='ltr'>non</span> <span class='ocrx_word' id='word_1_72' title='bbox 751 1856 972 1986; x_wconf 65' lang='lat' dir='ltr'>preceptor,</span> <span class='ocrx_word' id='word_1_73' title='bbox 1001 1900 1080 1973; x_wconf 81' lang='lat' dir='ltr'>uon</span> <span class='ocrx_word' id='word_1_74' title='bbox 1099 1876 1308 1994; x_wconf 83' lang='lat' dir='ltr'>castigator</span> <span class='ocrx_word' id='word_1_75' title='bbox 1321 1877 1391 1962; x_wconf 91' lang='lat' dir='ltr'>de-</span> 
     </span>
     <span class='ocr_line' id='line_1_12' title="bbox 212 2002 1391 2123; baseline -0.003 -28"><span class='ocrx_word' id='word_1_76' title='bbox 212 2014 316 2109; x_wconf 70' lang='lat' dir='ltr'>erit,</span> <span class='ocrx_word' id='word_1_77' title='bbox 356 2015 435 2123; x_wconf 88' lang='lat' dir='ltr'>ipse</span> <span class='ocrx_word' id='word_1_78' title='bbox 459 2015 530 2106; x_wconf 86' lang='lat' dir='ltr'>fibi</span> <span class='ocrx_word' id='word_1_79' title='bbox 560 2040 724 2121; x_wconf 81' lang='lat' dir='ltr'>quaeque</span> <span class='ocrx_word' id='word_1_80' title='bbox 749 2012 887 2103; x_wconf 84' lang='lat' dir='ltr'>tradet,</span> <span class='ocrx_word' id='word_1_81' title='bbox 915 2002 1391 2117; x_wconf 71' lang='lat' dir='ltr'>tanquamfwrodulaurre:</span> 
     </span>
     <span class='ocr_line' id='line_1_13' title="bbox 211 2144 1453 2259; baseline -0.007 -30"><span class='ocrx_word' id='word_1_82' title='bbox 211 2148 435 2259; x_wconf 79' lang='lat' dir='ltr'>scriptionis</span> <span class='ocrx_word' id='word_1_83' title='bbox 452 2147 638 2244; x_wconf 83' lang='lat' dir='ltr'>studiosus</span> <span class='ocrx_word' id='word_1_84' title='bbox 656 2147 732 2228; x_wconf 87' lang='lat' dir='ltr'>suae</span> <span class='ocrx_word' id='word_1_85' title='bbox 748 2147 790 2225; x_wconf 91' lang='lat' dir='ltr'>in</span> <span class='ocrx_word' id='word_1_86' title='bbox 808 2144 941 2239; x_wconf 78' lang='lat' dir='ltr'>alienis</span> <span class='ocrx_word' id='word_1_87' title='bbox 961 2144 1047 2253; x_wconf 84' lang='lat' dir='ltr'>plus</span> <span class='ocrx_word' id='word_1_88' title='bbox 1066 2144 1198 2251; x_wconf 82' lang='lat' dir='ltr'>sapiet,</span> <span class='ocrx_word' id='word_1_89' title='bbox 1218 2171 1306 2253; x_wconf 80' lang='lat' dir='ltr'>qua</span> <span class='ocrx_word' id='word_1_90' title='bbox 1322 2146 1392 2241; x_wconf 83' lang='lat' dir='ltr'>ad·</span> <span class='ocrx_word' id='word_1_91' title='bbox 1450 2210 1453 2220; x_wconf 75' lang='grc'><strong><em>,</em></strong></span> 
     </span>
     <span class='ocr_line' id='line_1_14' title="bbox 211 2274 1392 2387; baseline -0.003 -26"><span class='ocrx_word' id='word_1_92' title='bbox 211 2278 329 2362; x_wconf 89' lang='lat' dir='ltr'>hibet</span> <span class='ocrx_word' id='word_1_93' title='bbox 348 2298 537 2387; x_wconf 79' lang='lat' dir='ltr'>tanquam</span> <span class='ocrx_word' id='word_1_94' title='bbox 555 2280 632 2359; x_wconf 87' lang='lat' dir='ltr'>sua.</span> <span class='ocrx_word' id='word_1_95' title='bbox 665 2278 718 2355; x_wconf 90' lang='lat' dir='ltr'>Et</span> <span class='ocrx_word' id='word_1_96' title='bbox 731 2274 906 2384; x_wconf 70' lang='lat' dir='ltr'>profesto</span> <span class='ocrx_word' id='word_1_97' title='bbox 926 2274 1095 2357; x_wconf 88' lang='lat' dir='ltr'>inomni</span> <span class='ocrx_word' id='word_1_98' title='bbox 1112 2294 1219 2381; x_wconf 90' lang='lat' dir='ltr'>parte</span> <span class='ocrx_word' id='word_1_99' title='bbox 1237 2276 1392 2357; x_wconf 87' lang='lat' dir='ltr'>domes-</span> 
     </span>
     <span class='ocr_line' id='line_1_15' title="bbox 213 2410 1393 2527; baseline -0.002 -30"><span class='ocrx_word' id='word_1_100' title='bbox 213 2417 303 2498; x_wconf 80' lang='lat' dir='ltr'>tica</span> <span class='ocrx_word' id='word_1_101' title='bbox 321 2414 483 2527; x_wconf 88' lang='lat' dir='ltr'>hujusce</span> <span class='ocrx_word' id='word_1_102' title='bbox 500 2413 761 2497; x_wconf 81' lang='lat' dir='ltr'>meditationis</span> <span class='ocrx_word' id='word_1_103' title='bbox 776 2438 992 2523; x_wconf 85' lang='lat' dir='ltr'>permagna</span> <span class='ocrx_word' id='word_1_104' title='bbox 1013 2410 1068 2513; x_wconf 77' lang='lat' dir='ltr'>est</span> <span class='ocrx_word' id='word_1_105' title='bbox 1095 2413 1152 2493; x_wconf 88' lang='lat' dir='ltr'>vis</span> <span class='ocrx_word' id='word_1_106' title='bbox 1169 2442 1180 2492; x_wconf 71' lang='grc' dir='ltr'><strong><em>ε</em></strong></span> <span class='ocrx_word' id='word_1_107' title='bbox 1219 2414 1393 2495; x_wconf 87' lang='lat' dir='ltr'>involuta</span> 
     </span>
     <span class='ocr_line' id='line_1_16' title="bbox 212 2544 1393 2660; baseline -0.003 -28"><span class='ocrx_word' id='word_1_108' title='bbox 212 2548 471 2660; x_wconf 71' lang='lat' dir='ltr'>explicantur,</span> <span class='ocrx_word' id='word_1_109' title='bbox 500 2547 674 2636; x_wconf 86' lang='lat' dir='ltr'>difficilia</span> <span class='ocrx_word' id='word_1_110' title='bbox 699 2546 967 2656; x_wconf 81' lang='lat' dir='ltr'>expediuntur,</span> <span class='ocrx_word' id='word_1_111' title='bbox 997 2571 1078 2630; x_wconf 77' lang='lat' dir='ltr'>nec,</span> <span class='ocrx_word' id='word_1_112' title='bbox 1101 2544 1191 2656; x_wconf 82' lang='lat' dir='ltr'>ipsae</span> <span class='ocrx_word' id='word_1_113' title='bbox 1217 2546 1393 2633; x_wconf 77' lang='lat' dir='ltr'>minutia</span> 
     </span>
     <span class='ocr_line' id='line_1_17' title="bbox 210 2684 1394 2804; baseline -0.003 -34"><span class='ocrx_word' id='word_1_114' title='bbox 210 2689 363 2773; x_wconf 89' lang='lat' dir='ltr'>latent:</span> <span class='ocrx_word' id='word_1_115' title='bbox 403 2687 674 2796; x_wconf 81' lang='lat' dir='ltr'>expenduntur</span> <span class='ocrx_word' id='word_1_116' title='bbox 691 2685 822 2776; x_wconf 83' lang='lat' dir='ltr'>omnia</span> <span class='ocrx_word' id='word_1_117' title='bbox 831 2712 849 2804; x_wconf 76' lang='lat'>¹:</span> <span class='ocrx_word' id='word_1_118' title='bbox 871 2684 1097 2766; x_wconf 54' lang='lat' dir='ltr'>‘dictionum</span> <span class='ocrx_word' id='word_1_119' title='bbox 1114 2684 1313 2782; x_wconf 85' lang='lat' dir='ltr'>idiomata,</span> <span class='ocrx_word' id='word_1_120' title='bbox 1332 2687 1394 2770; x_wconf 89' lang='lat' dir='ltr'>el-</span> 
     </span>
     <span class='ocr_line' id='line_1_18' title="bbox 210 2821 1394 2935; baseline -0.003 -27"><span class='ocrx_word' id='word_1_121' title='bbox 210 2824 342 2935; x_wconf 86' lang='lat' dir='ltr'>lipses,</span> <span class='ocrx_word' id='word_1_122' title='bbox 374 2823 582 2904; x_wconf 88' lang='lat' dir='ltr'>verborum</span> <span class='ocrx_word' id='word_1_123' title='bbox 612 2823 683 2915; x_wconf 81' lang='lat' dir='ltr'>vir,</span> <span class='ocrx_word' id='word_1_124' title='bbox 717 2821 909 2912; x_wconf 67' lang='lat' dir='ltr'>derebus,</span> <span class='ocrx_word' id='word_1_125' title='bbox 944 2821 1069 2930; x_wconf 90' lang='lat' dir='ltr'>copia,</span> <span class='ocrx_word' id='word_1_126' title='bbox 1101 2821 1321 2916; x_wconf 85' lang='lat' dir='ltr'>collocatio,</span> <span class='ocrx_word' id='word_1_127' title='bbox 1352 2824 1394 2904; x_wconf 82' lang='lat' dir='ltr'>de</span> 
     </span>
     <span class='ocr_line' id='line_1_19' title="bbox 211 2949 1392 3076; baseline 0.002 -40"><span class='ocrx_word' id='word_1_128' title='bbox 211 2950 398 3036; x_wconf 85' lang='lat' dir='ltr'>orationis</span> <span class='ocrx_word' id='word_1_129' title='bbox 418 2950 537 3031; x_wconf 86' lang='lat' dir='ltr'>totius</span> <span class='ocrx_word' id='word_1_130' title='bbox 556 2967 642 3058; x_wconf 87' lang='lat' dir='ltr'>apta</span> <span class='ocrx_word' id='word_1_131' title='bbox 660 2949 918 3076; x_wconf 62' lang='lat' dir='ltr'>construdtier</span> <span class='ocrx_word' id='word_1_132' title='bbox 958 2950 1043 3030; x_wconf 88' lang='lat' dir='ltr'>haec</span> <span class='ocrx_word' id='word_1_133' title='bbox 1070 2954 1200 3033; x_wconf 86' lang='lat' dir='ltr'>omnia</span> <span class='ocrx_word' id='word_1_134' title='bbox 1227 2954 1392 3066; x_wconf 87' lang='lat' dir='ltr'>scriptor</span> 
     </span>
     <span class='ocr_line' id='line_1_20' title="bbox 211 3075 1244 3200; baseline -0.004 -27"><span class='ocrx_word' id='word_1_135' title='bbox 211 3089 380 3200; x_wconf 81' lang='lat' dir='ltr'>diligens</span> <span class='ocrx_word' id='word_1_136' title='bbox 395 3085 693 3196; x_wconf 76' lang='lat' dir='ltr'>circumspiciet,</span> <span class='ocrx_word' id='word_1_137' title='bbox 720 3075 989 3179; x_wconf 86' lang='lat' dir='ltr'>meditabitur,</span> <span class='ocrx_word' id='word_1_138' title='bbox 1017 3086 1244 3193; x_wconf 85' lang='lat' dir='ltr'>elaborabit.</span> 
     </span>
    </p>

    <p class='ocr_par' dir='ltr' id='par_1_4' title="bbox 212 3220 1397 4141">
     <span class='ocr_line' id='line_1_21' title="bbox 268 3220 1395 3334; baseline 0 -28"><span class='ocrx_word' id='word_1_139' title='bbox 268 3223 378 3306; x_wconf 90' lang='lat' dir='ltr'>Illud</span> <span class='ocrx_word' id='word_1_140' title='bbox 395 3249 511 3334; x_wconf 87' lang='lat' dir='ltr'>porro</span> <span class='ocrx_word' id='word_1_141' title='bbox 528 3222 768 3331; x_wconf 79' lang='lat' dir='ltr'>praecipuum</span> <span class='ocrx_word' id='word_1_142' title='bbox 788 3220 937 3306; x_wconf 88' lang='lat' dir='ltr'>habent</span> <span class='ocrx_word' id='word_1_143' title='bbox 958 3222 1098 3316; x_wconf 82' lang='lat' dir='ltr'>Graeci,</span> <span class='ocrx_word' id='word_1_144' title='bbox 1111 3249 1220 3308; x_wconf 84' lang='lat' dir='ltr'>cum</span> <span class='ocrx_word' id='word_1_145' title='bbox 1249 3225 1395 3320; x_wconf 83' lang='lat' dir='ltr'>exin·</span> 
     </span>
     <span class='ocr_line' id='line_1_22' title="bbox 212 3344 1396 3470; baseline -0.003 -30"><span class='ocrx_word' id='word_1_146' title='bbox 212 3358 335 3470; x_wconf 86' lang='lat' dir='ltr'>genio</span> <span class='ocrx_word' id='word_1_147' title='bbox 351 3356 419 3436; x_wconf 92' lang='lat' dir='ltr'>suo</span> <span class='ocrx_word' id='word_1_148' title='bbox 435 3354 579 3464; x_wconf 78' lang='lat' dir='ltr'>priores</span> <span class='ocrx_word' id='word_1_149' title='bbox 598 3351 824 3461; x_wconf 86' lang='lat' dir='ltr'>scripserint,</span> <span class='ocrx_word' id='word_1_150' title='bbox 842 3344 1066 3469; x_wconf 68' lang='lat' dir='ltr'>aegelaypa</span> <span class='ocrx_word' id='word_1_151' title='bbox 1083 3371 1209 3460; x_wconf 66' lang='lat' dir='ltr'>pauor</span> <span class='ocrx_word' id='word_1_152' title='bbox 1227 3351 1306 3444; x_wconf 71' lang='lat' dir='ltr'>arlia</span> <span class='ocrx_word' id='word_1_153' title='bbox 1324 3351 1396 3444; x_wconf 72' lang='lat' dir='ltr'>vilse</span> 
     </span>
     <span class='ocr_line' id='line_1_23' title="bbox 213 3489 1394 3606; baseline -0.002 -30"><span class='ocrx_word' id='word_1_154' title='bbox 213 3527 299 3582; x_wconf 74' lang='lat' dir='ltr'>nm,</span> <span class='ocrx_word' id='word_1_155' title='bbox 326 3517 537 3598; x_wconf 64' lang='lat' dir='ltr'>nprpuprm</span> <span class='ocrx_word' id='word_1_156' title='bbox 556 3489 669 3606; x_wconf 63' lang='lat' dir='ltr'>largas,</span> <span class='ocrx_word' id='word_1_157' title='bbox 688 3489 794 3597; x_wconf 91' lang='lat' dir='ltr'>quod</span> <span class='ocrx_word' id='word_1_158' title='bbox 813 3489 855 3570; x_wconf 88' lang='lat' dir='ltr'>in</span> <span class='ocrx_word' id='word_1_159' title='bbox 874 3490 940 3570; x_wconf 93' lang='lat' dir='ltr'>suo</span> <span class='ocrx_word' id='word_1_160' title='bbox 957 3515 1096 3598; x_wconf 84' lang='lat' dir='ltr'>genere</span> <span class='ocrx_word' id='word_1_161' title='bbox 1116 3493 1278 3602; x_wconf 89' lang='lat' dir='ltr'>quisque</span> <span class='ocrx_word' id='word_1_162' title='bbox 1296 3519 1394 3604; x_wconf 74' lang='lat' dir='ltr'>pras-</span> 
     </span>
     <span class='ocr_line' id='line_1_24' title="bbox 212 3619 1396 3736; baseline 0 -28"><span class='ocrx_word' id='word_1_163' title='bbox 212 3621 464 3708; x_wconf 82' lang='lat' dir='ltr'>stantiffimus</span> <span class='ocrx_word' id='word_1_164' title='bbox 488 3621 646 3730; x_wconf 80' lang='lat' dir='ltr'>proprio</span> <span class='ocrx_word' id='word_1_165' title='bbox 674 3619 1031 3728; x_wconf 25' lang='lat' dir='ltr'>quasrpcharasiere</span> <span class='ocrx_word' id='word_1_166' title='bbox 1060 3623 1242 3731; x_wconf 80' lang='lat' dir='ltr'>signetur,</span> <span class='ocrx_word' id='word_1_167' title='bbox 1276 3645 1396 3736; x_wconf 90' lang='lat' dir='ltr'>atque</span> 
     </span>
     <span class='ocr_line' id='line_1_25' title="bbox 214 3754 1397 3870; baseline -0.002 -28"><span class='ocrx_word' id='word_1_168' title='bbox 214 3761 315 3842; x_wconf 87' lang='lat' dir='ltr'>adeo</span> <span class='ocrx_word' id='word_1_169' title='bbox 345 3759 389 3838; x_wconf 92' lang='lat' dir='ltr'>in</span> <span class='ocrx_word' id='word_1_170' title='bbox 421 3755 576 3866; x_wconf 67' lang='lat' dir='ltr'>lingulis</span> <span class='ocrx_word' id='word_1_171' title='bbox 603 3754 793 3864; x_wconf 86' lang='lat' dir='ltr'>fingulare</span> <span class='ocrx_word' id='word_1_172' title='bbox 817 3757 1008 3865; x_wconf 87' lang='lat' dir='ltr'>quiddam</span> <span class='ocrx_word' id='word_1_173' title='bbox 1033 3759 1259 3867; x_wconf 83' lang='lat' dir='ltr'>reperiatur,</span> <span class='ocrx_word' id='word_1_174' title='bbox 1286 3762 1397 3870; x_wconf 89' lang='lat' dir='ltr'>quod</span> 
     </span>
     <span class='ocr_line' id='line_1_26' title="bbox 214 3894 1395 4008; baseline -0.001 -27"><span class='ocrx_word' id='word_1_175' title='bbox 214 3925 313 3981; x_wconf 91' lang='lat' dir='ltr'>cum</span> <span class='ocrx_word' id='word_1_176' title='bbox 331 3895 446 3977; x_wconf 87' lang='lat' dir='ltr'>laude</span> <span class='ocrx_word' id='word_1_177' title='bbox 465 3894 670 4004; x_wconf 85' lang='lat' dir='ltr'>quisquam</span> <span class='ocrx_word' id='word_1_178' title='bbox 689 3894 834 3990; x_wconf 83' lang='lat' dir='ltr'>imitari</span> <span class='ocrx_word' id='word_1_179' title='bbox 851 3895 981 4007; x_wconf 83' lang='lat' dir='ltr'>poffit.</span> <span class='ocrx_word' id='word_1_180' title='bbox 998 3896 1212 4008; x_wconf 82' lang='lat' dir='ltr'>:Qicquiu</span> <span class='ocrx_word' id='word_1_181' title='bbox 1232 3899 1395 3984; x_wconf 79' lang='lat' dir='ltr'>universa</span> 
     </span>
     <span class='ocr_line' id='line_1_27' title="bbox 213 4011 1395 4141; baseline -0.003 -26"><span class='ocrx_word' id='word_1_182' title='bbox 213 4029 390 4114; x_wconf 84' lang='lat' dir='ltr'>habeant</span> <span class='ocrx_word' id='word_1_183' title='bbox 406 4053 632 4128; x_wconf 84' lang='lat' dir='ltr'>commune,</span> <span class='ocrx_word' id='word_1_184' title='bbox 660 4011 849 4139; x_wconf 84' lang='lat' dir='ltr'>quicquid</span> <span class='ocrx_word' id='word_1_185' title='bbox 867 4021 1012 4140; x_wconf 82' lang='lat' dir='ltr'>finguli&#39;</span> <span class='ocrx_word' id='word_1_186' title='bbox 1026 4031 1097 4120; x_wconf 80' lang='lat' dir='ltr'>fibi</span> <span class='ocrx_word' id='word_1_187' title='bbox 1116 4033 1332 4141; x_wconf 89' lang='lat' dir='ltr'>proprium,</span> <span class='ocrx_word' id='word_1_188' title='bbox 1353 4032 1395 4112; x_wconf 91' lang='lat' dir='ltr'>id</span> 
     </span>
    </p>
   </div>
   <div class='ocr_carea' id='block_1_4' title="bbox 211 4159 1532 4273">
    <p class='ocr_par' dir='ltr' id='par_1_5' title="bbox 211 4159 1532 4273">
     <span class='ocr_line' id='line_1_28' title="bbox 211 4159 1532 4273; baseline -0.002 -26"><span class='ocrx_word' id='word_1_189' title='bbox 211 4189 337 4247; x_wconf 86' lang='lat' dir='ltr'>omne</span> <span class='ocrx_word' id='word_1_190' title='bbox 352 4159 791 4255; x_wconf 83' lang='lat' dir='ltr'>seduloanimadvertet,</span> <span class='ocrx_word' id='word_1_191' title='bbox 818 4164 926 4271; x_wconf 83' lang='lat' dir='ltr'>quod</span> <span class='ocrx_word' id='word_1_192' title='bbox 951 4162 999 4246; x_wconf 86' lang='lat' dir='ltr'>ad</span> <span class='ocrx_word' id='word_1_193' title='bbox 1016 4161 1063 4249; x_wconf 82' lang='lat' dir='ltr'>se.</span> <span class='ocrx_word' id='word_1_194' title='bbox 1079 4162 1277 4250; x_wconf 70' lang='lat' dir='ltr'>transferri</span> <span class='ocrx_word' id='word_1_195' title='bbox 1296 4191 1395 4273; x_wconf 87' lang='lat' dir='ltr'>gau·</span> <span class='ocrx_word' id='word_1_196' title='bbox 1531 4249 1532 4256; x_wconf 11' lang='grc' dir='ltr'><strong><em>Ν</em></strong></span> 
     </span>
    </p>
   </div>
   <div class='ocr_carea' id='block_1_5' title="bbox 212 4288 1397 4662">
    <p class='ocr_par' dir='ltr' id='par_1_6' title="bbox 212 4288 1397 4662">
     <span class='ocr_line' id='line_1_29' title="bbox 212 4288 1397 4416; baseline 0.003 -42"><span class='ocrx_word' id='word_1_197' title='bbox 212 4291 314 4390; x_wconf 75' lang='lat' dir='ltr'>det3</span> <span class='ocrx_word' id='word_1_198' title='bbox 340 4290 614 4392; x_wconf 75' lang='lat' dir='ltr'>collationibus</span> <span class='ocrx_word' id='word_1_199' title='bbox 632 4288 695 4377; x_wconf 83' lang='lat' dir='ltr'>nis</span> <span class='ocrx_word' id='word_1_200' title='bbox 713 4290 904 4416; x_wconf 31' lang='lat' dir='ltr'>institutis·</span> <span class='ocrx_word' id='word_1_201' title='bbox 919 4292 1068 4401; x_wconf 90' lang='lat' dir='ltr'>judicia</span> <span class='ocrx_word' id='word_1_202' title='bbox 1084 4293 1162 4376; x_wconf 81' lang='lat' dir='ltr'>fibi·</span> <span class='ocrx_word' id='word_1_203' title='bbox 1174 4293 1397 4376; x_wconf 87' lang='lat' dir='ltr'>confirmari</span> 
     </span>
     <span class='ocr_line' id='line_1_30' title="bbox 216 4422 1396 4562; baseline -0.002 -52"><span class='ocrx_word' id='word_1_204' title='bbox 216 4423 388 4562; x_wconf 61' lang='lat' dir='ltr'>sentiet,</span> <span class='ocrx_word' id='word_1_205' title='bbox 401 4422 616 4540; x_wconf 65' lang='lat' dir='ltr'>scrspdouis</span> <span class='ocrx_word' id='word_1_206' title='bbox 630 4425 798 4560; x_wconf 51' lang='lat' dir='ltr'>51⁶3le</span> <span class='ocrx_word' id='word_1_207' title='bbox 815 4426 1076 4538; x_wconf 69' lang='lat' dir='ltr'>cujuscunque</span> <span class='ocrx_word' id='word_1_208' title='bbox 1096 4425 1270 4511; x_wconf 86' lang='lat' dir='ltr'>colorem</span> <span class='ocrx_word' id='word_1_209' title='bbox 1287 4425 1328 4504; x_wconf 70' lang='lat' dir='ltr'>aa</span> <span class='ocrx_word' id='word_1_210' title='bbox 1346 4423 1396 4508; x_wconf 85' lang='lat' dir='ltr'>fi·</span> 
     </span>
     <span class='ocr_line' id='line_1_31' title="bbox 298 4568 1395 4662; baseline 0.004 -30"><span class='ocrx_word' id='word_1_211' title='bbox 298 4592 305 4606; x_wconf 88' lang='lat'><strong>·</strong></span> <span class='ocrx_word' id='word_1_212' title='bbox 620 4583 630 4605; x_wconf 83' lang='lat'><strong>·</strong></span> <span class='ocrx_word' id='word_1_213' title='bbox 826 4568 830 4575; x_wconf 78' lang='grc'>’</span> <span class='ocrx_word' id='word_1_214' title='bbox 1258 4577 1395 4662; x_wconf 83' lang='lat' dir='ltr'>gurtm</span> 
     </span>
    </p>
   </div>
   <div class='ocr_carea' id='block_1_6' title="bbox 0 0 1767 5175">
    <p class='ocr_par' dir='ltr' id='par_1_7' title="bbox 0 0 1767 5175">
     <span class='ocr_line' id='line_1_32' title="bbox 0 0 1767 5175; baseline 0 0"><span class='ocrx_word' id='word_1_215' title='bbox 0 0 1767 5175; x_wconf 95' lang='lat' dir='ltr'> </span> 
     </span>
    </p>
   </div>
  </div>
 </body>
</html>
