3509 5175
389 684 611 777 comparata
640 681 685 745 ut
714 662 842 773 plures
870 660 910 738 in
940 658 1031 754 hoc,
1059 686 1178 769 quam
1202 662 1247 743 ‘in
1272 662 1589 775 alioquopiam¹

309 806 313 818 “
388 804 576 885 scribendi
603 828 757 911 genere,
791 796 1177 892 incidant‘defectus‚
1213 827 1367 910 aequnrn
1400 801 1564 910 proinde

387 936 443 1017 est
464 956 507 1018 ut
528 934 677 1017 eosdem
693 954 801 1014 tanto
815 928 965 1011 facilior
978 930 1183 1009 comitetur
1195 933 1399 1026 excusatio,
1415 954 1563 1042 quanto

387 1070 462 1151 hac
482 1066 532 1151 in¹
543 1090 650 1181 parte
669 1064 895 1148 antecellere
910 1063 963 1143 est
977 1063 1264 1146 difficillimum.
1307 1066 1438 1147 Habet
1453 1066 1563 1145 enim

386 1201 489 1283 sacra
503 1202 625 1284 Poesrs
639 1200 836 1310 propriam
851 1196 1046 1305 quandam
1060 1197 1214 1277 laudem
1225 1225 1315 1277 cum
1330 1196 1562 1278 difficultate
1589 1233 1590 1274 ι

387 1334 493 1415 haud
511 1335 654 1445 vulgari
673 1334 935 1440 conjundiam.
978 1332 1035 1410 Ea
1051 1330 1105 1409 est
1123 1327 1238 1439 ipsrns
1258 1330 1474 1440 argumenti
1497 1360 1561 1411 ra-

387 1466 445 1546 tio
462 1466 576 1577 plane
596 1463 809 1575 fingularis,
838 1490 923 1570 quae
939 1462 1135 1543 scribentis
1156 1466 1286 1546 animo
1303 1464 1561 1543 reverentiam

387 1602 581 1711 quandam
611 1600 890 1709 &ancipitem
921 1598 1044 1707 injicit
1075 1598 1387 1695 sollicitudinem,
1417 1625 1466 1680 ne
1492 1616 1562 1677 aut

387 1735 496 1816 omni
515 1753 653 1814 ornatu
666 1733 824 1814 Poetico
842 1732 1019 1813 destituta
1037 1732 1136 1813 infra
1154 1735 1209 1814 rei
1227 1736 1458 1843 dignitatem
1470 1733 1559 1813 lan-

387 1873 505 1983 guida
524 1868 686 1951 subsrdat
704 1867 925 1978 descriptio,
955 1886 1022 1949 aut
1039 1870 1160 1950 nimia
1178 1871 1384 1977 decorandi
1401 1872 1560 1951 licentia

347 2048 350 2055 ·
386 2022 653 2113 corrumpatur
682 1998 848 2084 veritae':
893 2023 1008 2113 atque
1045 2005 1139 2083 adeo
1177 2005 1323 2114 ingenii
1356 2005 1560 2086 audaciam

387 2140 583 2248 quandam
614 2138 754 2216 excitat
778 2139 833 2218 ita
854 2157 984 2218 tamen
1007 2157 1050 2217 ut
1069 2138 1178 2217 fimul
1200 2138 1395 2247 reprimat,
1424 2138 1559 2247 postu·
1591 2151 1592 2232 l

385 2274 516 2383 larque
537 2272 713 2352 vividi&
733 2270 849 2351 erecti
866 2271 1016 2380 spiritus
1035 2272 1210 2353 ardorem
1238 2269 1401 2380 religiosi
1428 2272 1559 2352 Inter-

385 2407 504 2514 pretis
523 2402 706 2487 modestia
730 2405 769 2483 ἃ
787 2403 863 2484 side
882 2403 1123 2520 castigatum.

441 2543 610 2625 Proinde
629 2541 751 2649 srquid
770 2540 811 2620 in
830 2543 958 2652 operia
972 2536 1129 2650 hujusce
1143 2540 1301 2623 decursu
1321 2542 1432 2626 nobis
1451 2544 1559 2624 exci-
1592 2626 1593 2639 Ν

385 2678 485 2759 derit
508 2681 636 2759 minus
655 2676 884 2786 perfectum,
914 2675 1019 2786 siqua
1044 2677 1086 2757 in
1112 2677 1303 2757 Didionis
1330 2694 1559 2758 ornamento

383 2811 544 2905 incuria,
574 2811 730 2922 aequiori
759 2809 842 2890 haec
872 2811 1004 2892 animo
1033 2810 1131 2892 feret
1160 2811 1302 2892 Lector
1331 2808 1558 2904 benevolus,

384 2971 477 3025 cum
496 2945 639 3026 interea
658 2941 796 3054 iiderit
815 2943 857 3022 in
874 2943 1109 3051 gravioribus
1138 2944 1254 3037 curis,
1283 2943 1325 3025 in
1353 2944 1559 3025 sententia·

385 3103 474 3158 rum
494 3075 678 3158 nimirum
700 3077 738 3156 vi
757 3074 966 3186 &fulgore
985 3076 1250 3187 exprimendo,
1273 3074 1422 3159 inobis
1441 3075 1559 3186 quid-

385 3215 477 3294 dam
495 3212 623 3294 sednlo
640 3216 680 3293 dc
699 3211 802 3293 haud
821 3213 1026 3295 infeliciter
1045 3232 1291 3296 attentatum.

440 3351 539 3438 Haec
559 3351 666 3442 adeo,
695 3347 845 3430 fortasse
863 3350 1126 3448 nimis‘multa
1143 3351 1294 3432 tantilla
1311 3352 1359 3432 de
1379 3381 1432 3448 re,
1457 3379 1558 3464 prae·

262 3547 265 3552 -
384 3488 501 3571 fanda
520 3490 627 3582 duxi,
657 3506 701 3569 ut
729 3488 893 3596 intelligi
921 3489 1043 3598 posset
1075 3517 1154 3599 quo
1181 3490 1339 3571 confilio
1358 3489 1476 3574 fuerit
1493 3493 1557 3570 in-

383 3649 558 3740 ceptum,
583 3655 652 3710 cur
670 3628 808 3709 deinde
829 3649 910 3708 tarn
928 3629 1022 3723 sero,
1049 3631 1088 3710 δι
1107 3626 1129 3709 d
1147 3657 1225 3724 me,
1250 3628 1483 3724 absolutum,
1516 3632 1558 3710 dt

382 3766 480 3874 quid
499 3766 661 3846 demum
682 3761 803 3844 isthoc
824 3765 893 3858 est,
922 3765 1027 3876 quod
1055 3765 1129 3846 tibi
1156 3767 1227 3846 rite
1252 3764 1473 3846 dedicatum
1492 3795 1559 3847 or·

382 3901 575 3993 navimus,
591 3898 775 4009 opusculi.
804 3901 1019 4011 Contingat
1032 3901 1151 3982 modo
1165 3900 1314 4010 placere
1328 3899 1438 3994 Tibi,
1456 3902 1557 3980 Tuis

382 4031 457 4114 elle
476 4033 609 4114 saltem
622 4059 701 4112 non
714 4031 912 4128 dedecori,
928 4035 1171 4117 Academicae
1184 4035 1346 4116 demum
1357 4033 1558 4143 juventuti

320 4195 322 4202 ’
381 4171 621 4281 aliquatenus
642 4171 725 4252 usui
745 4172 829 4254 elle.
874 4173 1011 4283 Siquid
1029 4173 1074 4254 lit
1093 4174 1133 4256 in
1151 4170 1334 4280 exemplo
1351 4170 1555 4268 laudabile,

381 4301 552 4386 studiosis
572 4305 754 4386 accendat
773 4305 1073 4402 aemulationem‚
1102 4308 1249 4420 ignavis
1278 4304 1449 4387 excutiat
1474 4323 1556 4387 tor·

1393 4466 1528 4552 potem
1541 4473 1555 4532 ς
