3509 5175
835 393 1133 545 [ιω]

395 624 492 709 nulli
510 622 617 705 haud
637 622 728 705 sme
736 622 811 703 risu
821 620 1104 762 opinabuntur,
1132 637 1177 706 ut
1194 624 1424 709 mercimonia
1450 622 1553 735 nunu

296 774 300 785 '
390 758 650 848 indivendzbu·
620 764 690 860 lta,
721 761 833 844 fuisse
863 761 929 845 illa
958 792 981 844 a
1013 754 1092 859 me,
1133 762 1344 874 bibliopola
1371 764 1552 863 hortante,

390 906 537 989 emilia.
596 906 747 986 Verum
781 923 870 985 utut
898 905 983 985 haec
1015 904 1173 1000 suerint,
1223 906 1416 1016 siquidem
1443 908 1553 991 nostrr

393 1039 478 1121 haec
511 1022 813 1117 adolescentibus
843 1036 974 1119 vestris
1010 1040 1093 1119 usui
1122 1039 1270 1124 fuerint
1302 1042 1364 1121 vel
1395 1043 1552 1122 obleeta-

384 1148 544 1269 mento,
564 1174 666 1255 haud
686 1202 732 1254 ea
747 1193 850 1255 certe
868 1175 945 1255 illis
963 1176 1142 1256 invideot
1173 1203 1259 1272 nec,
1279 1205 1364 1287 quae
1383 1179 1444 1259 illi
1462 1179 1551 1259 haud

383 1310 505 1425 ‘inviti
530 1309 716 1416 legerint,
753 1334 798 1385 ea
827 1334 891 1387 me
920 1307 1078 1387 emisrffe
1105 1308 1226 1417 piget.
1279 1310 1346 1404 Et,
1382 1312 1550 1421 quoniam

391 1448 553 1546 illorum
574 1446 699 1553 gratia
716 1446 908 1553 praecipue
927 1445 1178 1555 scriptionum
1198 1445 1379 1529 diverso
1367 1476 1409 1529 m
1430 1476 1551 1557 genere

305 1586 314 1602 ’
390 1579 569 1686 exempla
589 1605 758 1729 propo-‘nr
743 1557 902 1670 velim,
932 1605 997 1657 me
1021 1605 1180 1688 quoque
1205 1577 1247 1658 in
1266 1581 1550 1675 imitationibus,

393 1741 487 1823 quas
507 1714 583 1793 illis
603 1713 798 1821 praecipio,
829 1710 1098 1794 facileversari
1124 1713 1261 1821 patior.
1309 1715 1456 1827 Neque
1481 1718 1549 1799 sane

392 1848 596 1926 illubenter
615 1843 739 1923 fateor
758 1842 830 1955 hac
848 1846 888 1923 in
908 1866 1018 1953 parte
1036 1844 1123 1954 styli
1137 1849 1363 1931 Petroniani
1375 1852 1550 1939 imitatio·
1572 1880 1573 1885 ‘

393 2003 485 2055 nem
506 2001 573 2068 me„
596 1972 797 2053 affectant.
844 1974 1009 2055 Utinam
1036 1975 1140 2055 illius
1170 1976 1385 2061 ubertatem
1416 1982 1457 2061 te
1486 1970 1573 2061 ele·l

389 2096 539 2221 gantiae
559 2090 640 2191 tam
659 2120 779 2218 prope
798 2107 927 2187 nostra
946 2110 1133 2218 attingere
1149 2109 1271 2221 posset
1288 2114 1428 2207 oratio,
1448 2141 1549 2221 quam

391 2247 512 2353 longe·
527 2249 678 2323 animus
698 2241 801 2322 abest
820 2271 842 2321 a
860 2270 991 2323 rerum
1010 2244 1281 2353 dictorumque
1308 2248 1547 2357 turpitudine.

370 2480 374 2489 Ι
390 2373 506 2457 Nihil
525 2378 632 2457 enirn
652 2374 720 2452 illo
740 2360 1047 2484 aut‘popularius
1065 2396 1131 2456 aut
1155 2378 1340 2471 ornatius,
1370 2380 1471 2460 nihil
1487 2398 1550 2461 tam

392 2485 440 2591 ad
463 2512 557 2593 seria
577 2535 695 2618 quam
719 2507 767 2585 ad
795 2506 956 2600 ludicra,
984 2508 1038 2601 bc,
1068 2535 1310 2619 quaecunque
1336 2511 1496 2594 demum
1518 2514 1548 2592 in

381 2626 668 2748 ’consuetudine
686 2641 891 2720 communi
916 2661 1135 2734 occurrunt,
1166 2643 1413 2728 describenda
1442 2649 1547 2758 aptius

382 2761 519 2859 ‘afferri
539 2775 685 2886 potest;
727 2801 818 2854 cum
838 2777 1058 2855 varietatem
1079 2777 1161 2856 sere
1186 2806 1363 2875 omnem,
1389 2809 1477 2892 quae
1494 2809 1547 2892 pro
1571 2847 1572 2854 ,

379 2913 431 3022 Jre
450 2926 540 2999 nata
560 2904 733 3018 adhiberi
753 2904 858 2997 solet,
887 2925 974 2986 tum
994 2909 1107 2988 metri
1130 2927 1217 3008 tum
1236 2914 1421 2994 orationis
1442 2915 1547 2994 soluta

390 3045 473 3153 pari
492 3071 583 3122 cum
603 3041 778 3149 gratia&
799 3042 988 3152 dignitate
1003 3044 1191 3125 sustineat.
1230 3047 1348 3154 Quod
1367 3051 1546 3159 quidemr

386 3165 542 3296 ,Boethio
562 3173 739 3290 praeclare
762 3174 868 3258 vides
893 3175 1103 3283 praestitum
1116 3212 1128 3269 3
1160 3179 1229 3286 qui
1256 3177 1356 3260 hanc
1387 3182 1546 3264 dictionis

381 3309 559 3434 'figuram
582 3307 833 3412 coloremque
853 3305 1076 3387 diversum
1065 3336 1105 3386 m
1130 3336 1259 3390 rerum
1278 3312 1469 3394 sacrarum
1487 3310 1544 3394 dil·

385 3414 661 3554 quititionibus
683 3435 904 3535 transsatum
924 3437 1088 3550 feliciter
1113 3441 1302 3537 exhibuit,
1331 3446 1371 3524 bc
1389 3445 1545 3526 severita-

385 3581 474 3655 tem
493 3570 799 3681 philosophicam
818 3567 894 3650 hoc
914 3545 1111 3682 Rhythmi
1126 3572 1313 3654 variabilis
1332 3576 1544 3658 condimen·

385 3729 435 3796 ,to
459 3706 670 3787 suaviffimo
692 3707 931 3819 temperavit.

384 3847 392 3858 '
449 3842 577 3951 Siquis
596 3867 708 3948 porro
728 3839 854 3920 nostra
874 3839 958 3922 haec
986 3837 1254 3949 reprehendat,
1283 3842 1390 3950 quod
1416 3843 1545 3952 privata

392 3979 571 4090 quaedam
600 3976 640 4054 be
665 3973 887 4069 domestica,
918 3975 972 4067 bc,
1001 4001 1088 4088 qua
1117 3973 1226 4054 adse
1255 3973 1354 4055 nibil
1383 3977 1543 4066 attinent,

384 4095 434 4196 in
453 4117 583 4194 lucem
604 4109 802 4222 publicam
828 4111 1092 4219 produxerim,
1121 4108 1272 4191 utinam
1292 4111 1356 4190 ille
1376 4113 1545 4223 paulisper

383 4249 434 4339 ‘in
468 4246 611 4326 nostras
643 4246 805 4327 transeat
832 4265 973 4366 partes,
1015 4245 1235 4356 recolatque
1259 4242 1356 4354 quid
1375 4245 1544 4358 Epistulas

392 4377 641 4468 scribentium
669 4379 709 4467 ὅσ
739 4377 919 4519 suggerit
932 4377 973 4462 bt
999 4374 1178 4490 recipit
1160 4369 1428 4473 familiaritas,
1456 4377 1544 4456 &eo

1402 4513 1543 4615 demum
