<?xml version="1.0" encoding="UTF-8"?>
<!DOCTYPE html PUBLIC "-//W3C//DTD XHTML 1.0 Transitional//EN"
    "http://www.w3.org/TR/xhtml1/DTD/xhtml1-transitional.dtd">
<html xmlns="http://www.w3.org/1999/xhtml" xml:lang="en" lang="en">
 <head>
  <title>
</title>
<meta http-equiv="Content-Type" content="text/html;charset=utf-8" />
  <meta name='ocr-system' content='tesseract 3.04.00' />
  <meta name='ocr-capabilities' content='ocr_page ocr_carea ocr_par ocr_line ocrx_word'/>
</head>
<body>
  <div class='ocr_page' id='page_1' title='image "./opusculamiscell01burtgoog_0302.png"; bbox 0 0 3509 5175; ppageno 0'>
   <div class='ocr_carea' id='block_1_1' title="bbox 286 399 1556 2346">
    <p class='ocr_par' dir='ltr' id='par_1_1' title="bbox 286 399 1556 2346">
     <span class='ocr_line' id='line_1_1' title="bbox 827 399 1112 548; baseline 0.007 -5"><span class='ocrx_word' id='word_1_1' title='bbox 827 400 853 548; x_wconf 91' lang='lat'>[</span> <span class='ocrx_word' id='word_1_2' title='bbox 918 409 1017 536; x_wconf 80' lang='lat'>482</span> <span class='ocrx_word' id='word_1_3' title='bbox 1085 399 1112 548; x_wconf 93' lang='grc'>]</span> 
     </span>
     <span class='ocr_line' id='line_1_2' title="bbox 361 631 1556 744; baseline 0.004 -30"><span class='ocrx_word' id='word_1_4' title='bbox 361 634 505 740; x_wconf 78' lang='lat' dir='ltr'>Qale</span> <span class='ocrx_word' id='word_1_5' title='bbox 522 632 670 717; x_wconf 87' lang='lat' dir='ltr'>veroid</span> <span class='ocrx_word' id='word_1_6' title='bbox 698 632 839 744; x_wconf 86' lang='lat' dir='ltr'>rogas?</span> <span class='ocrx_word' id='word_1_7' title='bbox 877 631 1174 717; x_wconf 78' lang='lat' dir='ltr'>Praelenionum</span> <span class='ocrx_word' id='word_1_8' title='bbox 1206 634 1556 719; x_wconf 87' lang='lat' dir='ltr'>Catechetlcarum</span> 
     </span>
     <span class='ocr_line' id='line_1_3' title="bbox 375 769 1555 882; baseline 0.004 -34"><span class='ocrx_word' id='word_1_9' title='bbox 375 770 615 879; x_wconf 84' lang='lat' dir='ltr'>Systema-</span> <span class='ocrx_word' id='word_1_10' title='bbox 630 769 753 851; x_wconf 89' lang='lat' dir='ltr'>“Hei</span> <span class='ocrx_word' id='word_1_11' title='bbox 770 799 860 853; x_wconf 88' lang='lat' dir='ltr'>vero</span> <span class='ocrx_word' id='word_1_12' title='bbox 876 771 911 851; x_wconf 86' lang='lat'>!&#39;&#39;</span> <span class='ocrx_word' id='word_1_13' title='bbox 931 773 1079 880; x_wconf 88' lang='lat' dir='ltr'>(videor</span> <span class='ocrx_word' id='word_1_14' title='bbox 1094 773 1202 854; x_wconf 90' lang='lat' dir='ltr'>enim</span> <span class='ocrx_word' id='word_1_15' title='bbox 1220 773 1353 854; x_wconf 90' lang='lat' dir='ltr'>audire</span> <span class='ocrx_word' id='word_1_16' title='bbox 1372 773 1555 882; x_wconf 85' lang='lat' dir='ltr'><strong>aliquem</strong></span> 
     </span>
     <span class='ocr_line' id='line_1_4' title="bbox 374 905 1554 1015; baseline -0.002 -29"><span class='ocrx_word' id='word_1_17' title='bbox 374 907 425 986; x_wconf 94' lang='lat' dir='ltr'>de</span> <span class='ocrx_word' id='word_1_18' title='bbox 442 907 678 987; x_wconf 85' lang='lat' dir='ltr'>Criticorum</span> <span class='ocrx_word' id='word_1_19' title='bbox 696 933 812 1015; x_wconf 87' lang='lat' dir='ltr'>grege</span> <span class='ocrx_word' id='word_1_20' title='bbox 830 905 931 987; x_wconf 85' lang='lat' dir='ltr'>forte</span> <span class='ocrx_word' id='word_1_21' title='bbox 952 907 1256 1012; x_wconf 74' lang='lat' dir='ltr'>exclamantem)</span> <span class='ocrx_word' id='word_1_22' title='bbox 1283 921 1309 956; x_wconf 88' lang='lat'><strong>“</strong></span> <span class='ocrx_word' id='word_1_23' title='bbox 1326 908 1452 1012; x_wconf 84' lang='lat' dir='ltr'>Qrod</span> <span class='ocrx_word' id='word_1_24' title='bbox 1474 906 1554 985; x_wconf 88' lang='lat' dir='ltr'>lroc</span> 
     </span>
     <span class='ocr_line' id='line_1_5' title="bbox 286 1035 1555 1146; baseline -0.001 -31"><span class='ocrx_word' id='word_1_25' title='bbox 286 1075 290 1088; x_wconf 91' lang='lat'><strong>·</strong></span> <span class='ocrx_word' id='word_1_26' title='bbox 375 1036 473 1116; x_wconf 88' lang='lat' dir='ltr'>“rei</span> <span class='ocrx_word' id='word_1_27' title='bbox 493 1035 577 1117; x_wconf 87' lang='lat' dir='ltr'>est?</span> <span class='ocrx_word' id='word_1_28' title='bbox 607 1037 755 1117; x_wconf 90' lang='lat' dir='ltr'>Siccine</span> <span class='ocrx_word' id='word_1_29' title='bbox 774 1039 874 1118; x_wconf 88' lang='lat' dir='ltr'>inter</span> <span class='ocrx_word' id='word_1_30' title='bbox 890 1036 1161 1146; x_wconf 87' lang='lat' dir='ltr'>discipulorum</span> <span class='ocrx_word' id='word_1_31' title='bbox 1180 1035 1379 1117; x_wconf 84' lang='lat' dir='ltr'>cathedras</span> <span class='ocrx_word' id='word_1_32' title='bbox 1401 1037 1453 1116; x_wconf 92' lang='lat' dir='ltr'>ad</span> <span class='ocrx_word' id='word_1_33' title='bbox 1475 1035 1555 1114; x_wconf 89' lang='lat' dir='ltr'>ele-</span> 
     </span>
     <span class='ocr_line' id='line_1_6' title="bbox 375 1167 1550 1278; baseline -0.006 -26"><span class='ocrx_word' id='word_1_34' title='bbox 375 1183 554 1252; x_wconf 87' lang='lat' dir='ltr'>“menta</span> <span class='ocrx_word' id='word_1_35' title='bbox 571 1171 699 1278; x_wconf 91' lang='lat' dir='ltr'>prima</span> <span class='ocrx_word' id='word_1_36' title='bbox 719 1171 869 1250; x_wconf 83' lang='lat' dir='ltr'>adultos</span> <span class='ocrx_word' id='word_1_37' title='bbox 896 1169 1082 1261; x_wconf 86' lang='lat' dir='ltr'>revocas?</span> <span class='ocrx_word' id='word_1_38' title='bbox 1124 1168 1265 1258; x_wconf 81' lang='lat' dir='ltr'>Nullus</span> <span class='ocrx_word' id='word_1_39' title='bbox 1285 1188 1392 1250; x_wconf 85' lang='lat' dir='ltr'>certe</span> <span class='ocrx_word' id='word_1_40' title='bbox 1412 1167 1494 1248; x_wconf 92' lang='lat' dir='ltr'>hac</span> <span class='ocrx_word' id='word_1_41' title='bbox 1512 1169 1550 1245; x_wconf 94' lang='lat' dir='ltr'>in</span> 
     </span>
     <span class='ocr_line' id='line_1_7' title="bbox 376 1299 1551 1409; baseline -0.003 -29"><span class='ocrx_word' id='word_1_42' title='bbox 376 1316 527 1409; x_wconf 85' lang='lat' dir='ltr'>“parte</span> <span class='ocrx_word' id='word_1_43' title='bbox 547 1303 702 1382; x_wconf 85' lang='lat' dir='ltr'>Oratori</span> <span class='ocrx_word' id='word_1_44' title='bbox 720 1303 841 1398; x_wconf 86' lang='lat' dir='ltr'>locus,</span> <span class='ocrx_word' id='word_1_45' title='bbox 875 1329 947 1382; x_wconf 89' lang='lat' dir='ltr'>nec</span> <span class='ocrx_word' id='word_1_46' title='bbox 967 1302 1044 1382; x_wconf 93' lang='lat' dir='ltr'>ulla</span> <span class='ocrx_word' id='word_1_47' title='bbox 1065 1302 1106 1380; x_wconf 91' lang='lat' dir='ltr'>in</span> <span class='ocrx_word' id='word_1_48' title='bbox 1126 1329 1167 1380; x_wconf 89' lang='lat' dir='ltr'>re</span> <span class='ocrx_word' id='word_1_49' title='bbox 1185 1318 1264 1391; x_wconf 88' lang='lat' dir='ltr'>tam</span> <span class='ocrx_word' id='word_1_50' title='bbox 1284 1299 1433 1380; x_wconf 86' lang='lat' dir='ltr'>humili</span> <span class='ocrx_word' id='word_1_51' title='bbox 1453 1299 1551 1378; x_wconf 91' lang='lat' dir='ltr'>doc-</span> 
     </span>
     <span class='ocr_line' id='line_1_8' title="bbox 292 1430 1552 1541; baseline -0.002 -28"><span class='ocrx_word' id='word_1_52' title='bbox 292 1453 297 1460; x_wconf 76' lang='grc'><strong><em>’</em></strong></span> <span class='ocrx_word' id='word_1_53' title='bbox 376 1436 466 1513; x_wconf 87' lang='lat' dir='ltr'>“tis</span> <span class='ocrx_word' id='word_1_54' title='bbox 493 1433 649 1514; x_wconf 88' lang='lat' dir='ltr'>auribus</span> <span class='ocrx_word' id='word_1_55' title='bbox 679 1433 797 1540; x_wconf 91' lang='lat' dir='ltr'>digna</span> <span class='ocrx_word' id='word_1_56' title='bbox 824 1430 951 1513; x_wconf 87' lang='lat' dir='ltr'>afferri</span> <span class='ocrx_word' id='word_1_57' title='bbox 975 1431 1090 1541; x_wconf 88' lang='lat' dir='ltr'>poffit</span> <span class='ocrx_word' id='word_1_58' title='bbox 1120 1432 1279 1512; x_wconf 87' lang='lat' dir='ltr'>oratio.&#39;’</span> <span class='ocrx_word' id='word_1_59' title='bbox 1321 1432 1435 1510; x_wconf 86' lang='lat' dir='ltr'>Itane</span> <span class='ocrx_word' id='word_1_60' title='bbox 1464 1449 1552 1511; x_wconf 92' lang='lat' dir='ltr'>tan·</span> 
     </span>
     <span class='ocr_line' id='line_1_9' title="bbox 375 1561 1551 1673; baseline -0.004 -27"><span class='ocrx_word' id='word_1_61' title='bbox 375 1565 496 1647; x_wconf 88' lang='lat' dir='ltr'>dem?</span> <span class='ocrx_word' id='word_1_62' title='bbox 536 1566 625 1644; x_wconf 89' lang='lat' dir='ltr'>lmo</span> <span class='ocrx_word' id='word_1_63' title='bbox 643 1592 731 1643; x_wconf 89' lang='lat' dir='ltr'>vero</span> <span class='ocrx_word' id='word_1_64' title='bbox 750 1563 960 1646; x_wconf 85' lang='lat' dir='ltr'>fastidiosus</span> <span class='ocrx_word' id='word_1_65' title='bbox 984 1565 1064 1659; x_wconf 91' lang='lat' dir='ltr'>ille,</span> <span class='ocrx_word' id='word_1_66' title='bbox 1094 1567 1199 1673; x_wconf 92' lang='lat' dir='ltr'>quod</span> <span class='ocrx_word' id='word_1_67' title='bbox 1230 1592 1251 1643; x_wconf 91' lang='lat' dir='ltr'>a</span> <span class='ocrx_word' id='word_1_68' title='bbox 1280 1563 1403 1642; x_wconf 91' lang='lat' dir='ltr'>Paulo</span> <span class='ocrx_word' id='word_1_69' title='bbox 1434 1561 1551 1642; x_wconf 91' lang='lat' dir='ltr'>fimili</span> 
     </span>
     <span class='ocr_line' id='line_1_10' title="bbox 347 1696 1551 1810; baseline -0.004 -30"><span class='ocrx_word' id='word_1_70' title='bbox 347 1802 349 1807; x_wconf 23' lang='grc' dir='ltr'>Ι</span> <span class='ocrx_word' id='word_1_71' title='bbox 375 1703 416 1780; x_wconf 94' lang='lat' dir='ltr'>in</span> <span class='ocrx_word' id='word_1_72' title='bbox 445 1699 556 1779; x_wconf 88' lang='lat' dir='ltr'>causa</span> <span class='ocrx_word' id='word_1_73' title='bbox 586 1696 817 1791; x_wconf 83' lang='lat' dir='ltr'>Corinthiis,</span> <span class='ocrx_word' id='word_1_74' title='bbox 844 1701 886 1779; x_wconf 91' lang='lat' dir='ltr'>id</span> <span class='ocrx_word' id='word_1_75' title='bbox 920 1701 1046 1810; x_wconf 89' lang='lat' dir='ltr'>ipsum</span> <span class='ocrx_word' id='word_1_76' title='bbox 1077 1700 1146 1779; x_wconf 87' lang='lat' dir='ltr'>srbi</span> <span class='ocrx_word' id='word_1_77' title='bbox 1174 1697 1395 1807; x_wconf 88' lang='lat' dir='ltr'>responsum</span> <span class='ocrx_word' id='word_1_78' title='bbox 1426 1715 1551 1806; x_wconf 88' lang='lat' dir='ltr'>putet.</span> 
     </span>
     <span class='ocr_line' id='line_1_11' title="bbox 375 1825 1552 1938; baseline -0.001 -30"><span class='ocrx_word' id='word_1_79' title='bbox 375 1831 439 1910; x_wconf 85' lang='lat' dir='ltr'>Ex</span> <span class='ocrx_word' id='word_1_80' title='bbox 459 1857 504 1908; x_wconf 92' lang='lat' dir='ltr'>eo</span> <span class='ocrx_word' id='word_1_81' title='bbox 523 1825 694 1909; x_wconf 89' lang='lat' dir='ltr'>hominis</span> <span class='ocrx_word' id='word_1_82' title='bbox 714 1827 921 1909; x_wconf 87' lang='lat' dir='ltr'>Christiani</span> <span class='ocrx_word' id='word_1_83' title='bbox 946 1850 1045 1938; x_wconf 80' lang='lat' dir='ltr'>tum</span> <span class='ocrx_word' id='word_1_84' title='bbox 1059 1831 1232 1910; x_wconf 80' lang='lat' dir='ltr'>docentis</span> <span class='ocrx_word' id='word_1_85' title='bbox 1252 1847 1337 1908; x_wconf 91' lang='lat' dir='ltr'>tum</span> <span class='ocrx_word' id='word_1_86' title='bbox 1357 1829 1552 1909; x_wconf 84' lang='lat' dir='ltr'>audientis</span> 
     </span>
     <span class='ocr_line' id='line_1_12' title="bbox 377 1944 1552 2077; baseline 0 -29"><span class='ocrx_word' id='word_1_87' title='bbox 377 1967 504 2048; x_wconf 88' lang='lat' dir='ltr'>officia</span> <span class='ocrx_word' id='word_1_88' title='bbox 521 1944 726 2076; x_wconf 89' lang='lat' dir='ltr'>intelligat.</span> <span class='ocrx_word' id='word_1_89' title='bbox 768 1967 915 2076; x_wconf 88' lang='lat' dir='ltr'>Neque.</span> <span class='ocrx_word' id='word_1_90' title='bbox 930 1988 1011 2049; x_wconf 91' lang='lat' dir='ltr'>tarn</span> <span class='ocrx_word' id='word_1_91' title='bbox 1029 1969 1180 2048; x_wconf 89' lang='lat' dir='ltr'>aurium</span> <span class='ocrx_word' id='word_1_92' title='bbox 1195 1968 1387 2048; x_wconf 90' lang='lat' dir='ltr'>lenocinia</span> <span class='ocrx_word' id='word_1_93' title='bbox 1405 1986 1552 2077; x_wconf 84' lang='lat' dir='ltr'>quaerat</span> 
     </span>
     <span class='ocr_line' id='line_1_13' title="bbox 377 2097 1551 2214; baseline 0 -35"><span class='ocrx_word' id='word_1_94' title='bbox 377 2120 482 2202; x_wconf 68' lang='grc' dir='ltr'><em>λογκς</em></span> <span class='ocrx_word' id='word_1_95' title='bbox 496 2097 630 2193; x_wconf 60' lang='lat' dir='ltr'>arabae</span> <span class='ocrx_word' id='word_1_96' title='bbox 647 2113 760 2204; x_wconf 66' lang='lat' dir='ltr'>norat</span> <span class='ocrx_word' id='word_1_97' title='bbox 777 2099 992 2214; x_wconf 58' lang='lat' dir='ltr'>ardemanne,</span> <span class='ocrx_word' id='word_1_98' title='bbox 1018 2131 1136 2211; x_wconf 85' lang='lat' dir='ltr'>quam</span> <span class='ocrx_word' id='word_1_99' title='bbox 1164 2103 1399 2183; x_wconf 83' lang='lat' dir='ltr'>documenta</span> <span class='ocrx_word' id='word_1_100' title='bbox 1418 2103 1490 2182; x_wconf 92' lang='lat' dir='ltr'>illa</span> <span class='ocrx_word' id='word_1_101' title='bbox 1513 2135 1551 2179; x_wconf 74' lang='lat' dir='ltr'>ra</span> 
     </span>
     <span class='ocr_line' id='line_1_14' title="bbox 378 2225 1549 2346; baseline 0.003 -32"><span class='ocrx_word' id='word_1_102' title='bbox 378 2225 540 2340; x_wconf 63' lang='lat' dir='ltr'>donaparat</span> <span class='ocrx_word' id='word_1_103' title='bbox 569 2247 698 2339; x_wconf 68' lang='grc' dir='ltr'>σοφιπη</span> <span class='ocrx_word' id='word_1_104' title='bbox 724 2270 770 2321; x_wconf 70' lang='lat' dir='ltr'>err</span> <span class='ocrx_word' id='word_1_105' title='bbox 787 2256 962 2346; x_wconf 71' lang='lat' dir='ltr'>&#39;comptam</span> <span class='ocrx_word' id='word_1_106' title='bbox 1011 2239 1250 2345; x_wconf 81' lang='lat' dir='ltr'>Qanquam</span> <span class='ocrx_word' id='word_1_107' title='bbox 1282 2237 1378 2345; x_wconf 80' lang='lat' dir='ltr'>quid</span> <span class='ocrx_word' id='word_1_108' title='bbox 1409 2238 1453 2318; x_wconf 92' lang='lat' dir='ltr'>id</span> <span class='ocrx_word' id='word_1_109' title='bbox 1485 2237 1549 2330; x_wconf 87' lang='lat' dir='ltr'>est,</span> 
     </span>
    </p>
   </div>
   <div class='ocr_carea' id='block_1_2' title="bbox 257 2373 1550 2485">
    <p class='ocr_par' dir='ltr' id='par_1_2' title="bbox 257 2373 1550 2485">
     <span class='ocr_line' id='line_1_15' title="bbox 257 2373 1550 2485; baseline 0.002 -33"><span class='ocrx_word' id='word_1_110' title='bbox 257 2438 260 2452; x_wconf 25' lang='grc' dir='ltr'><em>Α</em></span> <span class='ocrx_word' id='word_1_111' title='bbox 366 2374 488 2482; x_wconf 60' lang='grc' dir='ltr'>,ςυοά</span> <span class='ocrx_word' id='word_1_112' title='bbox 502 2373 744 2482; x_wconf 87' lang='lat' dir='ltr'>disciplinam</span> <span class='ocrx_word' id='word_1_113' title='bbox 760 2373 860 2455; x_wconf 89' lang='lat' dir='ltr'>hanc</span> <span class='ocrx_word' id='word_1_114' title='bbox 874 2376 1164 2456; x_wconf 89' lang='lat' dir='ltr'>Catecheticam</span> <span class='ocrx_word' id='word_1_115' title='bbox 1179 2375 1366 2485; x_wconf 84' lang='lat' dir='ltr'>quispiam</span> <span class='ocrx_word' id='word_1_116' title='bbox 1390 2395 1437 2456; x_wconf 92' lang='lat' dir='ltr'>ut</span> <span class='ocrx_word' id='word_1_117' title='bbox 1455 2403 1550 2485; x_wconf 87' lang='lat' dir='ltr'>pue-</span> 
     </span>
    </p>
   </div>
   <div class='ocr_carea' id='block_1_3' title="bbox 311 2506 1550 4601">
    <p class='ocr_par' dir='ltr' id='par_1_3' title="bbox 311 2506 1550 4467">
     <span class='ocr_line' id='line_1_16' title="bbox 380 2506 1549 2615; baseline 0.003 -29"><span class='ocrx_word' id='word_1_118' title='bbox 380 2506 494 2587; x_wconf 81' lang='lat' dir='ltr'>rilem</span> <span class='ocrx_word' id='word_1_119' title='bbox 512 2508 551 2585; x_wconf 88' lang='lat'>&amp;</span> <span class='ocrx_word' id='word_1_120' title='bbox 570 2509 746 2615; x_wconf 87' lang='lat' dir='ltr'>ineptam</span> <span class='ocrx_word' id='word_1_121' title='bbox 763 2508 1018 2590; x_wconf 85' lang='lat' dir='ltr'>contemnat?</span> <span class='ocrx_word' id='word_1_122' title='bbox 1047 2508 1189 2589; x_wconf 90' lang='lat' dir='ltr'>Videat</span> <span class='ocrx_word' id='word_1_123' title='bbox 1210 2508 1327 2591; x_wconf 90' lang='lat' dir='ltr'>modo</span> <span class='ocrx_word' id='word_1_124' title='bbox 1348 2507 1549 2590; x_wconf 82' lang='lat' dir='ltr'>Catechis·</span> 
     </span>
     <span class='ocr_line' id='line_1_17' title="bbox 379 2636 1550 2748; baseline 0.003 -31"><span class='ocrx_word' id='word_1_125' title='bbox 379 2654 494 2745; x_wconf 80' lang='lat' dir='ltr'>mn&#39;rn</span> <span class='ocrx_word' id='word_1_126' title='bbox 513 2636 620 2717; x_wconf 89' lang='lat' dir='ltr'>hunc</span> <span class='ocrx_word' id='word_1_127' title='bbox 639 2639 838 2721; x_wconf 88' lang='lat' dir='ltr'>nostrum:</span> <span class='ocrx_word' id='word_1_128' title='bbox 882 2642 922 2719; x_wconf 91' lang='lat' dir='ltr'>in</span> <span class='ocrx_word' id='word_1_129' title='bbox 943 2640 1231 2748; x_wconf 87' lang='lat' dir='ltr'>compendiario</span> <span class='ocrx_word' id='word_1_130' title='bbox 1251 2641 1324 2720; x_wconf 84' lang='lat' dir='ltr'>illo.</span> <span class='ocrx_word' id='word_1_131' title='bbox 1338 2640 1550 2746; x_wconf 87' lang='lat' dir='ltr'>Systemate</span> 
     </span>
     <span class='ocr_line' id='line_1_18' title="bbox 311 2768 1547 2878; baseline 0.003 -31"><span class='ocrx_word' id='word_1_132' title='bbox 311 2860 315 2867; x_wconf 21' lang='lat'><strong><em>¹</em></strong></span> <span class='ocrx_word' id='word_1_133' title='bbox 373 2769 474 2877; x_wconf 85' lang='lat' dir='ltr'>&#39;quid</span> <span class='ocrx_word' id='word_1_134' title='bbox 494 2768 596 2847; x_wconf 89' lang='lat' dir='ltr'>aliud</span> <span class='ocrx_word' id='word_1_135' title='bbox 619 2769 737 2863; x_wconf 85' lang='lat' dir='ltr'>videt,</span> <span class='ocrx_word' id='word_1_136' title='bbox 768 2770 1038 2878; x_wconf 78' lang='lat' dir='ltr'>quam&#39;ipsam</span> <span class='ocrx_word' id='word_1_137' title='bbox 1070 2769 1290 2878; x_wconf 85' lang='lat' dir='ltr'>Religionis</span> <span class='ocrx_word' id='word_1_138' title='bbox 1321 2768 1547 2853; x_wconf 79' lang='lat' dir='ltr'>Christiana</span> 
     </span>
     <span class='ocr_line' id='line_1_19' title="bbox 380 2899 1547 3011; baseline 0.001 -30"><span class='ocrx_word' id='word_1_139' title='bbox 380 2899 623 3009; x_wconf 80' lang='lat' dir='ltr'>medullam?</span> <span class='ocrx_word' id='word_1_140' title='bbox 663 2900 863 3007; x_wconf 6' lang='lat' dir='ltr'>Materiesl</span> <span class='ocrx_word' id='word_1_141' title='bbox 876 2900 1051 3009; x_wconf 70' lang='lat' dir='ltr'>profesto</span> <span class='ocrx_word' id='word_1_142' title='bbox 1076 2902 1288 3009; x_wconf 84' lang='lat' dir='ltr'>praeclarior</span> <span class='ocrx_word' id='word_1_143' title='bbox 1315 2901 1424 2981; x_wconf 89' lang='lat' dir='ltr'>nulla</span> <span class='ocrx_word' id='word_1_144' title='bbox 1441 2930 1547 3011; x_wconf 91' lang='lat' dir='ltr'>repe·</span> 
     </span>
     <span class='ocr_line' id='line_1_20' title="bbox 382 3030 1544 3141; baseline 0.002 -28"><span class='ocrx_word' id='word_1_145' title='bbox 382 3032 494 3125; x_wconf 70' lang='lat' dir='ltr'>titur,</span> <span class='ocrx_word' id='word_1_146' title='bbox 523 3034 565 3111; x_wconf 90' lang='lat' dir='ltr'>in</span> <span class='ocrx_word' id='word_1_147' title='bbox 583 3058 658 3140; x_wconf 89' lang='lat' dir='ltr'>qua</span> <span class='ocrx_word' id='word_1_148' title='bbox 677 3030 874 3139; x_wconf 87' lang='lat' dir='ltr'>Theologi</span> <span class='ocrx_word' id='word_1_149' title='bbox 892 3033 1097 3141; x_wconf 88' lang='lat' dir='ltr'>ingenium</span> <span class='ocrx_word' id='word_1_150' title='bbox 1124 3052 1239 3141; x_wconf 88' lang='lat' dir='ltr'>atque</span> <span class='ocrx_word' id='word_1_151' title='bbox 1264 3031 1455 3113; x_wconf 90' lang='lat' dir='ltr'>industria</span> <span class='ocrx_word' id='word_1_152' title='bbox 1480 3062 1544 3115; x_wconf 85' lang='lat' dir='ltr'>ex·</span> 
     </span>
     <span class='ocr_line' id='line_1_21' title="bbox 376 3166 1542 3279; baseline 0.002 -30"><span class='ocrx_word' id='word_1_153' title='bbox 376 3170 530 3275; x_wconf 81' lang='lat' dir='ltr'>ercitari</span> <span class='ocrx_word' id='word_1_154' title='bbox 548 3168 659 3279; x_wconf 85' lang='lat' dir='ltr'>poffit</span> <span class='ocrx_word' id='word_1_155' title='bbox 669 3204 683 3259; x_wconf 88' lang='lat'>;</span> <span class='ocrx_word' id='word_1_156' title='bbox 711 3166 795 3247; x_wconf 83' lang='lat' dir='ltr'>haec</span> <span class='ocrx_word' id='word_1_157' title='bbox 815 3194 997 3249; x_wconf 89' lang='lat' dir='ltr'>curarum</span> <span class='ocrx_word' id='word_1_158' title='bbox 1016 3172 1141 3276; x_wconf 86' lang='lat' dir='ltr'>prima</span> <span class='ocrx_word' id='word_1_159' title='bbox 1160 3170 1296 3249; x_wconf 88' lang='lat' dir='ltr'>eadem</span> <span class='ocrx_word' id='word_1_160' title='bbox 1316 3188 1437 3277; x_wconf 89' lang='lat' dir='ltr'>atque</span> <span class='ocrx_word' id='word_1_161' title='bbox 1454 3171 1542 3251; x_wconf 82' lang='lat' dir='ltr'>ulti-</span> 
     </span>
     <span class='ocr_line' id='line_1_22' title="bbox 379 3302 1543 3415; baseline 0.001 -31"><span class='ocrx_word' id='word_1_162' title='bbox 379 3333 475 3402; x_wconf 64' lang='grc' dir='ltr'>ωας</span> <span class='ocrx_word' id='word_1_163' title='bbox 505 3306 551 3399; x_wconf 92' lang='lat' dir='ltr'>in</span> <span class='ocrx_word' id='word_1_164' title='bbox 568 3302 642 3384; x_wconf 90' lang='lat' dir='ltr'>hac</span> <span class='ocrx_word' id='word_1_165' title='bbox 672 3302 913 3411; x_wconf 85' lang='lat' dir='ltr'>potiffimum</span> <span class='ocrx_word' id='word_1_166' title='bbox 941 3303 1067 3388; x_wconf 90' lang='lat' dir='ltr'>noster</span> <span class='ocrx_word' id='word_1_167' title='bbox 1086 3302 1155 3385; x_wconf 85' lang='lat' dir='ltr'>ille</span> <span class='ocrx_word' id='word_1_168' title='bbox 1169 3303 1389 3384; x_wconf 85' lang='lat' dir='ltr'>versabatur</span> <span class='ocrx_word' id='word_1_169' title='bbox 1408 3332 1543 3415; x_wconf 87' lang='lat' dir='ltr'>magna</span> 
     </span>
     <span class='ocr_line' id='line_1_23' title="bbox 377 3427 1544 3546; baseline 0 -29"><span class='ocrx_word' id='word_1_170' title='bbox 377 3427 471 3517; x_wconf 89' lang='lat' dir='ltr'>cum</span> <span class='ocrx_word' id='word_1_171' title='bbox 489 3437 601 3515; x_wconf 91' lang='lat' dir='ltr'>laude</span> <span class='ocrx_word' id='word_1_172' title='bbox 620 3436 698 3529; x_wconf 85' lang='lat' dir='ltr'>sua,</span> <span class='ocrx_word' id='word_1_173' title='bbox 725 3436 960 3543; x_wconf 88' lang='lat' dir='ltr'>suorumque</span> <span class='ocrx_word' id='word_1_174' title='bbox 980 3434 1122 3517; x_wconf 66' lang='lat' dir='ltr'>fructu.</span> <span class='ocrx_word' id='word_1_175' title='bbox 1165 3438 1327 3517; x_wconf 86' lang='lat' dir='ltr'>Etenim</span> <span class='ocrx_word' id='word_1_176' title='bbox 1353 3438 1544 3546; x_wconf 89' lang='lat' dir='ltr'>Encyelo·</span> 
     </span>
     <span class='ocr_line' id='line_1_24' title="bbox 378 3564 1542 3675; baseline 0.003 -29"><span class='ocrx_word' id='word_1_177' title='bbox 378 3566 543 3675; x_wconf 87' lang='lat' dir='ltr'>paediam</span> <span class='ocrx_word' id='word_1_178' title='bbox 556 3564 816 3647; x_wconf 87' lang='lat' dir='ltr'>Christianam</span> <span class='ocrx_word' id='word_1_179' title='bbox 832 3567 1042 3648; x_wconf 88' lang='lat' dir='ltr'>universam</span> <span class='ocrx_word' id='word_1_180' title='bbox 1060 3567 1260 3647; x_wconf 70' lang='lat' dir='ltr'>intelledtu</span> <span class='ocrx_word' id='word_1_181' title='bbox 1277 3567 1435 3675; x_wconf 86' lang='lat' dir='ltr'>penitus</span> <span class='ocrx_word' id='word_1_182' title='bbox 1454 3596 1542 3650; x_wconf 92' lang='lat' dir='ltr'>con·</span> 
     </span>
     <span class='ocr_line' id='line_1_25' title="bbox 379 3697 1541 3808; baseline 0.002 -29"><span class='ocrx_word' id='word_1_183' title='bbox 379 3717 546 3808; x_wconf 90' lang='lat' dir='ltr'>ceperat.</span> <span class='ocrx_word' id='word_1_184' title='bbox 593 3700 687 3777; x_wconf 87' lang='lat' dir='ltr'>Erat</span> <span class='ocrx_word' id='word_1_185' title='bbox 710 3725 826 3808; x_wconf 91' lang='lat' dir='ltr'>porro</span> <span class='ocrx_word' id='word_1_186' title='bbox 850 3716 939 3779; x_wconf 90' lang='lat' dir='ltr'>tum</span> <span class='ocrx_word' id='word_1_187' title='bbox 956 3698 1077 3777; x_wconf 89' lang='lat' dir='ltr'>animi</span> <span class='ocrx_word' id='word_1_188' title='bbox 1098 3697 1301 3791; x_wconf 61' lang='lat' dir='ltr'>facultate2</span> <span class='ocrx_word' id='word_1_189' title='bbox 1324 3715 1414 3781; x_wconf 89' lang='lat' dir='ltr'>turn</span> <span class='ocrx_word' id='word_1_190' title='bbox 1435 3727 1541 3781; x_wconf 86' lang='lat' dir='ltr'>exer-</span> 
     </span>
     <span class='ocr_line' id='line_1_26' title="bbox 379 3820 1541 3940; baseline 0 -25"><span class='ocrx_word' id='word_1_191' title='bbox 379 3832 566 3915; x_wconf 83' lang='lat' dir='ltr'>citatione</span> <span class='ocrx_word' id='word_1_192' title='bbox 586 3830 779 3925; x_wconf 87' lang='lat' dir='ltr'>diuturna,</span> <span class='ocrx_word' id='word_1_193' title='bbox 799 3830 973 3940; x_wconf 84' lang='lat' dir='ltr'>apprime</span> <span class='ocrx_word' id='word_1_194' title='bbox 990 3820 1205 3916; x_wconf 56' lang='lat' dir='ltr'>annana:</span> <span class='ocrx_word' id='word_1_195' title='bbox 1234 3830 1456 3938; x_wconf 80' lang='lat' dir='ltr'>&amp;quidem</span> <span class='ocrx_word' id='word_1_196' title='bbox 1476 3834 1541 3915; x_wconf 88' lang='lat' dir='ltr'>do-</span> 
     </span>
     <span class='ocr_line' id='line_1_27' title="bbox 380 3957 1542 4075; baseline 0.007 -34"><span class='ocrx_word' id='word_1_197' title='bbox 380 3965 501 4075; x_wconf 64' lang='lat' dir='ltr'>centia</span> <span class='ocrx_word' id='word_1_198' title='bbox 529 3959 654 4040; x_wconf 91' lang='lat' dir='ltr'>indoli</span> <span class='ocrx_word' id='word_1_199' title='bbox 686 3977 799 4073; x_wconf 90' lang='lat' dir='ltr'>atque</span> <span class='ocrx_word' id='word_1_200' title='bbox 828 3959 998 4070; x_wconf 49' lang='lat' dir='ltr'>ingenio*</span> <span class='ocrx_word' id='word_1_201' title='bbox 1012 3957 1248 4068; x_wconf 86' lang='lat' dir='ltr'>congruebat</span> <span class='ocrx_word' id='word_1_202' title='bbox 1272 3960 1353 4067; x_wconf 83' lang='lat' dir='ltr'>ipsa</span> <span class='ocrx_word' id='word_1_203' title='bbox 1383 3968 1542 4049; x_wconf 81' lang='lat' dir='ltr'>materia</span> 
     </span>
     <span class='ocr_line' id='line_1_28' title="bbox 380 4091 1540 4201; baseline 0.003 -28"><span class='ocrx_word' id='word_1_204' title='bbox 380 4095 490 4186; x_wconf 90' lang='lat' dir='ltr'>ratio,</span> <span class='ocrx_word' id='word_1_205' title='bbox 521 4122 607 4201; x_wconf 88' lang='lat' dir='ltr'>quae</span> <span class='ocrx_word' id='word_1_206' title='bbox 636 4092 872 4175; x_wconf 75' lang='lat' dir='ltr'>desiderabat</span> <span class='ocrx_word' id='word_1_207' title='bbox 899 4120 979 4175; x_wconf 93' lang='lat' dir='ltr'>non</span> <span class='ocrx_word' id='word_1_208' title='bbox 1000 4112 1087 4201; x_wconf 86' lang='lat' dir='ltr'>tam</span> <span class='ocrx_word' id='word_1_209' title='bbox 1107 4092 1280 4189; x_wconf 87' lang='lat' dir='ltr'>Oratoris</span> <span class='ocrx_word' id='word_1_210' title='bbox 1311 4091 1540 4191; x_wconf 89' lang='lat' dir='ltr'>facundiam,</span> 
     </span>
     <span class='ocr_line' id='line_1_29' title="bbox 380 4213 1541 4328; baseline 0.003 -31"><span class='ocrx_word' id='word_1_211' title='bbox 380 4217 625 4328; x_wconf 71' lang='lat' dir='ltr'>quamdotti</span> <span class='ocrx_word' id='word_1_212' title='bbox 648 4215 874 4325; x_wconf 82' lang='lat' dir='ltr'>Interpretis</span> <span class='ocrx_word' id='word_1_213' title='bbox 898 4213 1048 4311; x_wconf 77' lang='lat' dir='ltr'>fidem3</span> <span class='ocrx_word' id='word_1_214' title='bbox 1085 4218 1126 4327; x_wconf 74' lang='lat' dir='ltr'>dc</span> <span class='ocrx_word' id='word_1_215' title='bbox 1154 4216 1361 4299; x_wconf 88' lang='lat' dir='ltr'>materiem</span> <span class='ocrx_word' id='word_1_216' title='bbox 1389 4217 1541 4301; x_wconf 87' lang='lat' dir='ltr'>viciffim</span> 
     </span>
     <span class='ocr_line' id='line_1_30' title="bbox 380 4348 1540 4467; baseline 0.003 -33"><span class='ocrx_word' id='word_1_217' title='bbox 380 4352 667 4441; x_wconf 70' lang='lat' dir='ltr'>commendavit</span> <span class='ocrx_word' id='word_1_218' title='bbox 688 4348 912 4438; x_wconf 85' lang='lat' dir='ltr'>Catechistae.</span> <span class='ocrx_word' id='word_1_219' title='bbox 939 4351 1061 4443; x_wconf 87' lang='lat' dir='ltr'>nostri</span> <span class='ocrx_word' id='word_1_220' title='bbox 1086 4352 1227 4442; x_wconf 81' lang='lat' dir='ltr'>Oratio</span> <span class='ocrx_word' id='word_1_221' title='bbox 1249 4352 1429 4467; x_wconf 82' lang='lat' dir='ltr'>fimplex,</span> <span class='ocrx_word' id='word_1_222' title='bbox 1458 4382 1540 4466; x_wconf 87' lang='lat' dir='ltr'>per-</span> 
     </span>
    </p>

    <p class='ocr_par' dir='ltr' id='par_1_4' title="bbox 1371 4487 1536 4601">
     <span class='ocr_line' id='line_1_31' title="bbox 1371 4487 1536 4601; baseline 0.012 -30"><span class='ocrx_word' id='word_1_223' title='bbox 1371 4530 1375 4539; x_wconf 94' lang='lat'>·</span> <span class='ocrx_word' id='word_1_224' title='bbox 1407 4487 1536 4601; x_wconf 76' lang='lat' dir='ltr'>spicue,</span> 
     </span>
    </p>
   </div>
   <div class='ocr_carea' id='block_1_4' title="bbox 0 0 1775 5175">
    <p class='ocr_par' dir='ltr' id='par_1_5' title="bbox 0 0 1775 5175">
     <span class='ocr_line' id='line_1_32' title="bbox 0 0 1775 5175; baseline 0 0"><span class='ocrx_word' id='word_1_225' title='bbox 0 0 1775 5175; x_wconf 95' lang='lat' dir='ltr'> </span> 
     </span>
    </p>
   </div>
  </div>
 </body>
</html>
