3509 5175
861 437 887 578 [
959 441 1024 570 ⁵⁶
1093 437 1119 581 ]

404 665 663 774 Contemptor
679 657 807 756 famae,
836 687 917 744 non
935 663 1137 750 illaudatus
1155 663 1289 753 abibis.
1315 711 1320 720 ·

349 814 351 818 ¹
404 828 482 924 Te,
510 825 917 938 venerande,.sequor,
946 851 1026 912 non
1044 830 1144 914 inter
1160 830 1298 914 limina
1314 855 1466 942 regum,

404 985 495 1088 Qa
513 982 640 1090 stupet
656 981 795 1062 insanis
814 982 913 1062 acies
932 980 1146 1093 fulgoribus
1166 985 1274 1080 aulae,
1535 997 1565 1078 ῦς

402 1142 468 1223 Te
486 1166 557 1249 per
578 1167 665 1221 rura
685 1140 834 1249 sequor,
855 1157 922 1223 tua
938 1168 1067 1250 regna,
1088 1125 1333 1253 inopumque
1349 1133 1545 1226 tabernas:

403 1298 494 1403 Qa
512 1316 622 1378 vocat
641 1316 783 1408 aegroto
800 1315 975 1380 metuens
995 1315 1137 1410 aegrota
1163 1297 1304 1382 marito

404 1475 530 1567 Uxor,
558 1499 676 1584 opem
696 1473 892 1555 medicam
911 1499 992 1556 non
1010 1501 1090 1556 uno
1109 1474 1269 1556 nomine
1285 1429 1467 1586 posueram

404 1651 474 1736 Tu
493 1669 668 1732 mentem
687 1649 775 1730 sano
796 1647 926 1732 firmas
945 1629 991 1728 in*
1003 1675 1162 1760 corpore
1181 1649 1310 1744 sanam
1334 1609 1337 1614 ,

404 1815 536 1896 Corda
554 1812 701 1907 fovens,
727 1810 913 1928 lapsisque
930 1813 1044 1894 doces
1062 1809 1254 1894 confidere
1271 1810 1393 1892 rebus.
1409 1861 1411 1866 ·
1533 1841 1565 1903 9⁰

407 1987 484 2067 Seu
496 1986 566 2067 Te
576 1985 744 2094 Templa
760 2003 914 2078 vocant,
943 2003 983 2066 te
1000 2010 1070 2065 noa
1090 1982 1139 2064 ad
1153 1982 1322 2094 Templa
1337 1984 1554 2094 sequemur:

405 2155 536 2237 Paffus
556 2153 671 2235 Musa
690 2173 777 2235 tuos
794 2152 883 2280 laeto
902 2153 1110 2234 comitatur
1127 2151 1275 2232 honore

406 2328 480 2412 Per
498 2329 606 2409 variae
624 2328 776 2437 pietatis
794 2299 890 2435 opus
909 2320 1121 2433 seriemque
1137 2324 1329 2416 laborum,

408 2497 568 2578 Summa
588 2495 811 2576 minutatim
829 2520 989 2604 carpens
1007 2491 1154 2602 fastigia
1172 2520 1316 2574 rerum.

464 2837 503 2915 Ο
529 2834 633 2915 Coeli
652 2833 862 2942 Terraeque
885 2858 1020 2943 parent
1039 2828 1322 2942 hominumque
1338 2828 1565 2959 Deumque!
1585 2864 1586 2872 ¹

408 3000 484 3108 Te,
504 3003 627 3097 Deus,
642 3002 802 3111 antiqua
818 3020 857 3083 te
877 3000 1062 3113 religione
1079 3000 1303 3096 colendum,

408 3178 581 3289 Septima
598 3204 759 3287 quaeque
776 3179 857 3260 dies
878 3179 1061 3288 agnoscit,
1089 3194 1128 3258 et
1148 3177 1267 3287 usque
1285 3203 1483 3259 recurrens
1584 3120 1585 3173 ι

408 3339 612 3431 Convocat
625 3338 781 3421 indutos
799 3338 953 3423 meliori
972 3340 1072 3421 veste
1092 3326 1274 3422 Colonot.
1296 3326 1300 3333 ⁴

444 3607 519 3671 Viro
533 3608 569 3669 de
583 3608 756 3689 Republica,
776 3609 813 3671 de
826 3609 854 3671 se
867 3612 978 3691 optime
991 3610 1104 3681 merito,
1118 3608 1234 3671 honoria
1248 3610 1340 3697 cauli,
1354 3612 1387 3670 in
1400 3608 1481 3671 Fano
1492 3612 1563 3690 West·

402 3712 589 3798 monasteriensi
599 3710 822 3773 Monumentum
835 3713 929 3791 posuit
940 3710 1099 3791 Prirrtpiffir
1112 3712 1231 3773 Walliae.

444 3812 510 3873 Hoc
521 3828 598 3873 certe
608 3814 811 3885 testimonium,
821 3820 847 3873 tr
859 3812 995 3873 amicitire
1008 3816 1035 3873 tt
1045 3813 1154 3874 meritie
1162 3814 1227 3874 viri
1238 3814 1423 3886 venerabilis,
1431 3814 1565 3881 debitum,

403 3918 529 3982 libenter
541 3916 591 3978 hic
602 3938 725 3997 appono,
745 3919 776 3978 id
791 3921 910 3999 cupiens
926 3932 968 3989 ut,
989 3918 1075 3999 fiqnia
1086 3919 1177 3979 nostra
1196 3921 1259 3981 haeo
1277 3940 1393 4002 quoque
1413 3920 1498 4000 liquit
1510 3940 1564 3998 can

405 4038 452 4087 tna
465 4040 561 4080 amore
574 4022 662 4097 legat,
674 4040 743 4081 cnm
757 4022 826 4083 boni
837 4022 966 4093 Pastoris,
976 4042 1043 4103 quae
1051 4022 1148 4103 paflim
1161 4025 1365 4103 predicantur,
1378 4023 1510 4086 lendibus
1521 4022 1565 4083 nri
1581 4036 1582 4093 5

402 4129 585 4203 conjunctam
599 4120 726 4209 Stepb'anr‘
738 4128 1016 4193 mementorum·
1030 4127 1170 4211 agnoscat.
1207 4126 1248 4192 tlt
1265 4132 1372 4197 mins
1391 4140 1536 4207 leram
1549 4146 1566 4183 u

406 4225 523 4310 ᾔῒδλθ·
536 4249 574 4291 tn
584 4254 630 4296 m·

525 4330 577 4381 ¹³⁴
659 4374 663 4383 ·
720 4373 739 4404 .·
773 4358 811 4423 95
832 4336 1225 4415 utrumnam.
1300 4386 1315 4397 ..
1346 4388 1378 4417 ,.
1478 4390 1512 4497 Ε.
1580 4342 1581 4400 l

980 4466 984 4477 ·
1513 4436 1567 4497 CCC
