3509 5175
621 443 644 585 l
717 439 902 582 227']

173 669 301 753 nem!
331 670 631 753 eruditionemfi
650 672 803 781 spectes,
821 672 920 751 inter
939 668 1055 780 primi
1074 667 1215 748 ordinis
1230 647 1354 784 ‘theo-

173 805 293 914 logos
326 806 687 885 annumerandum:
731 805 760 884 fi
792 831 934 898 mores,
951 849 1007 864 -
1025 805 1181 913 pictate,
1210 801 1354 917 fide&

174 936 430 1046 simplicitate
450 937 629 1045 primaeva
649 937 797 1018 nemini
815 935 1050 1028 secundum
1077 936 1158 1014 imo
1172 961 1262 1014 vero
1276 931 1355 1013 vir·

174 1068 356 1162 tutibus,
390 1085 596 1177 ‚quotquot
627 1068 862 1147 sacerdotem
902 1064 1167 1149 Christianum
1205 1068 1356 1158 decent,

176 1201 516 1283 instruclissimum
531 1239 543 1295 ς
572 1203 599 1284 sr
629 1202 817 1296 fortunat,
833 1243 886 1266 -ν
906 1231 956 1284 en
983 1203 1151 1283 eundem
1180 1203 1288 1281 tenui
1314 1203 1356 1280 in
1438 1213 1441 1223 ’
1498 1289 1501 1302 ,

178 1367 238 1433 rc,
269 1341 310 1419 dc
329 1341 418 1419 loco
445 1342 582 1447 iniquo
600 1368 668 1448 per
686 1340 799 1419 lustra
817 1339 1019 1447 plusquam
1038 1338 1186 1449 septem
1205 1338 1246 1416 in
1272 1337 1357 1416 ine·

176 1472 360 1552 laetabili
378 1474 462 1553 luto
487 1473 554 1554 illo
574 1471 781 1583 Suffixierfi
806 1471 977 1551 defixum
1006 1491 1122 1580 atque
1148 1471 1355 1581 sepultum,

178 1611 297 1690 annis
319 1609 484 1692 fradlum
512 1633 625 1720 atque
657 1610 867 1700 laboribus,-
896 1609 935 1688 dc
964 1609 1005 1686 in
1037 1603 1176 1711 Christi
1203 1605 1360 1686 ecclesia

180 1743 359 1822 militem
380 1743 489 1848 plane
513 1743 733 1834 emeritum,
762 1742 804 1820 in
832 1741 953 1820 aetatis
987 1758 1168 1817 extremae
1199 1725 1360 1816 decursu

180 1879 361 1991 inopem,
381 1883 616 1976 induratum,
636 1882 863 1988 militiaque
883 1879 956 1960 suae
976 1875 1200 1956 Christiana
1220 1877 1360 1956 trium-

180 2015 275 2126 phis
298 2017 383 2124 jam
412 2016 495 2122 jam
527 2015 848 2094 immoriturum:
892 2039 955 2102 en,
984 2011 1159 2116 inquam,
1189 2005 1361 2124 eundem
1477 2015 1480 2018 ’

180 2145 355 2227 fortunae
371 2148 598 2243 ludibrium,
618 2147 862 2256 suorumque,
889 2171 986 2255 pene
1005 2141 1184 2233 dixerim,
1213 2165 1360 2254 oppro-

180 2278 343 2364 briuml

240 2417 364 2498 Illum
391 2418 546 2501 intuens
572 2449 692 2530 quam
712 2418 886 2528 protinus
905 2417 982 2527 ipse
1002 2413 1101 2494 mihi
1123 2414 1209 2521 jure
1228 2409 1360 2518 displi-

182 2551 263 2644 cui,
297 2577 417 2659 quam
436 2581 513 2661 prae
532 2556 599 2635 illo
615 2581 690 2662 ego
709 2581 774 2633 me
791 2550 1020 2661 contempsi,
1050 2575 1114 2629 me
1135 2546 1302 2627 nitidum
1321 2544 1362 2622 dc

183 2680 287 2762 bene
307 2702 440 2763 curata
457 2706 547 2765 cute
565 2690 769 2796 pinguem,
786 2686 825 2763 δι
840 2685 943 2793 quast
960 2684 1166 2763 reverendo
1181 2680 1229 2759 de
1244 2702 1362 2787 grege

183 2818 386 2927 porcum?
428 2848 546 2927 quam
568 2822 743 2932 protinus
762 2821 924 2928 ignavia²
943 2848 1008 2898 me
1028 2844 1122 2899 meae
1143 2817 1182 2895 dc
1201 2815 1362 2895 luxuriae

184 2948 359 3058 puduit?
398 2949 612 3045 imovero,
643 2936 818 3059 inquam,
854 2973 985 3061 pereat
1014 2952 1143 3060 potius
1171 2944 1362 3060 quicquid

185 3079 241 3158 est
256 3077 501 3157 lautitiarum
516 3079 809 3189 elegantiorum,
824 3079 891 3159 illa
905 3082 989 3159 vitae
1004 3082 1238 3159 decurrentis
1250 3072 1363 3186 juxta

184 3216 224 3294 dt
242 3214 419 3296 exeuntis
436 3215 579 3295 damna
598 3217 710 3296 srmul
728 3214 994 3297 &dedecorat
1024 3214 1113 3295 Imu
1127 3213 1252 3322 potius
1271 3231 1361 3290 tua-

183 3373 275 3427 rum
295 3346 344 3425 de
364 3347 550 3427 virtutum
569 3348 718 3428 lumine
738 3348 838 3428 mihi
857 3374 1015 3456 quoque
1040 3346 1197 3455 aliquod
1219 3371 1358 3425 accen·

185 3476 304 3557 datur
323 3474 482 3557 lumen!
524 3480 753 3560 accendatur
772 3481 837 3560 ille
855 3481 1059 3588 generosus
1079 3481 1204 3572 ardor,
1223 3525 1278 3545 ·-
1296 3478 1364 3587 illa

188 3610 374 3719 nequitiae
393 3610 670 3718 triumphantis
689 3613 808 3693 ultrix
832 3613 1064 3720 indignatio,
1086 3656 1141 3677 -
1158 3612 1226 3693 illa
1245 3612 1361 3722 quid·
1461 3651 1465 3667 ·

186 3740 288 3823 libet
315 3744 395 3849 pati
430 3743 555 3824 audax
587 3744 813 3838 constantia,
831 3746 971 3825 -ille
1004 3744 1165 3826 demum
1197 3744 1363 3827 fortuna
1400 3800 1402 3805 -

189 3876 403 3984 mortisque
420 3896 672 3986 contemptor
688 3882 728 3959 dr
745 3882 884 3974 vidior,
914 3882 1066 3961 animus
1084 3880 1092 3963 l
1123 3881 1211 3963 Imo
1230 3902 1364 3963 tecum

189 4006 373 4117 denique,
404 4013 607 4091 reverende
637 4013 765 4106 senex,
797 4014 995 4124 splendide
1023 4016 1161 4096 esurire
1190 4015 1362 4108 mallem,

181 4170 313 4250 ‚quam
341 4147 642 4274 Pelhamidarum
665 4152 826 4232 conviva
852 4153 1029 4262 inempto
1053 4154 1147 4235 luxu
1166 4153 1335 4235 deliciari
1350 4171 1371 4247 3¹

188 4298 324 4359 tecum
343 4308 460 4390 porro
475 4282 528 4362 ita
546 4284 670 4362 virere
690 4266 876 4394 tanquam
895 4287 1016 4369 indies
1036 4288 1258 4373 moriturus,
1291 4288 1364 4371 lst-

190 4416 270 4503 hoc
286 4420 460 4533 profect'o
478 4424 533 4507 est
549 4424 703 4535 sapere!

753 4536 786 4618 F
805 4534 829 4617 f
850 4561 873 4618 2
1247 4539 1357 4645 Felix
1374 4648 1376 4653 ,
