3509 5175
641 482 670 621 [
731 516 841 615 157
904 481 937 621 ]

208 710 386 793 Athenas
396 709 476 790 suas
489 708 685 819 hospitem
698 708 877 801 deducat,
893 724 932 787 et
945 706 1085 789 erranti
1098 710 1265 835 comiter
1276 732 1388 793 com·

201 841 400 927 monstret
428 843 546 923 viam.
601 825 756 951 Ecquid
784 871 876 951 ergo
905 843 945 921 in
974 842 1088 923 rebus
1113 842 1201 953 ipsrs
1221 826 1390 927 occurrit

202 974 372 1056 difficile
385 960 580 1085 cognitu?
608 976 749 1085 ecquid
771 966 1051 1070 reconditum,
1059 994 1098 1056 et
1119 976 1167 1057 ab
1188 964 1255 1059 usu
1274 1000 1389 1057 com-

207 1110 328 1189 muni
346 1122 542 1189 remotum
556 1111 627 1187 l-
638 1106 714 1216 qua
732 1108 866 1215 potest,
887 1107 1020 1187 lunden
1040 1108 1195 1214 aliquod
1213 1106 1390 1189 obscuri·

208 1244 288 1324 tati
302 1231 547 1324 affundetur:
578 1234 628 1327 eit
641 1243 805 1323 historiae
820 1245 1087 1323 monumentis
1100 1230 1260 1325 ‘eruatur
1278 1242 1392 1351 quic·

211 1366 385 1475 quidest
402 1367 666 1458 indicioruma
695 1366 905 1459 Locorum,
937 1368 975 1446 T
976 1392 1180 1473 emporum
1213 1367 1391 1458 rationes,

209 1496 460 1607 Populoru'm
473 1499 642 1605 ingenia,
662 1525 803 1590 mores,
815 1497 1112 1579 'eonsuetudines
1128 1499 1391 1609 explorentur,

209 1632 489 1743 intelligantur
494 1670 507 1728 ς
528 1638 592 1715 ‘ita
605 1656 657 1718 ,ut
676 1633 877 1745 paulisper,
906 1637 1011 1745 quast
1032 1636 1140 1718 cives‘
1153 1634 1393 1720 interAthe'-

212 1772 354 1884 nietffes
373 1776 573 1884 ascriptus,
593 1772 858 1856 concionibus
878 1776 1044 1885 publicis
1058 1774 1230 1857 interesse
1249 1774 1392 1869 videar,

210 1909 480 2017 perorantium
500 1909 650 1988 auditor
668 1930 785 2018 atque
804 1902 1013 2019 applausor.

270 2036 428 2145 Ecquid
456 2062 572 2143 porro
600 2037 858 2118 inOratione
887 2040 980 2147 ipsa,
1010 2039 1050 2117 in
1062 2036 1201 2119 Verbis
1221 2036 1393 2146 frugalis,

212 2170 294 2251 five
322 2170 542 2259 Sententiis,
570 2170 741 2251 occurrit
768 2172 1003 2279 asperum&
1022 2169 1298 2253 intradlabile?
1329 2196 1395 2250 ec-

213 2305 316 2414 quid
342 2305 384 2385 in
412 2305 488 2386 illis
515 2332 664 2385 novum
688 2304 1080 2414 'atque'inauditurni
1111 2305 1253 2413 ecquid
1271 2304 1313 2383 in
1332 2300 1395 2381 his

211 2443 467 2553 impeditum,
490 2420 606 2551 atque
618 2441 864 2522 mvolutum
857 2442 927 2503 Ρ-
935 2441 1196 2523 elucidantur
1184 2439 1396 2549 incognita,

212 2579 451 2661 definiantur
468 2579 599 2673 dubia,
620 2579 814 2690 impedita
833 2580 1100 2698 expediantur,
1128 2554 1305 2658 involuta
1324 2601 1396 2656 ex·

212 2719 421 2829 plicentur.
480 2717 637 2825 Ecquid
665 2717 935 2796 idiomaticum
956 2714 1107 2795 ?-ad
1139 2695 1398 2795 communem

214 2855 330 2937 usum
350 2855 552 2936 revocetur
570 2857 609 2935 id
631 2858 735 2964 quod
756 2854 838 2936 er‘at
856 2856 960 2965 quast
990 2857 1129 2964 privati
1150 2855 1258 2960 juris.
1314 2855 1397 2934 Ec·

215 2991 317 3104 quid
345 2991 513 3102 denique
542 2991 791 3100 ellipticum?
821 2991 945 3098 (quod
968 2989 1053 3068 sane
1073 2987 1214 3096 linguis
1233 2985 1398 3066 omnino

215 3126 402 3208 omnibus
433 3128 575 3207 incidat
594 3129 762 3236 oportet)
792 3127 1039 3209 resarciantur
1061 3125 1213 3217 mutila,
1230 3123 1398 3234 'supple-

216 3275 336 3338 antur
354 3253 557 3350 defectae
574 3258 614 3336 δι
632 3257 763 3335 oratio'
772 3256 935 3336 demum
956 3255 1203 3336 substituatur
1220 3253 1397 3362 integra3

217 3389 275 3469 ita
296 3402 339 3468 ut
356 3386 491 3472 eadam
512 3416 628 3496 opera
644 3388 863 3496 legentibus
884 3378 1145 3495 &syntaxeos
1166 3384 1398 3492 grammati-

217 3550 276 3602 cae
294 3520 394 3600 ratio
403 3519 572 3612 constet,
593 3521 632 3599 de
653 3519 842 3628 scriptoris
854 3519 1064 3606 recondita
1074 3543 1183 3598 mens
1199 3517 1399 3626 aperiatur.

218 3655 319 3768 Haec
347 3655 537 3763 praecipue
566 3670 607 3734 ut
625 3654 761 3735 editor
764 3654 1001 3739 doniffimus
1019 3653 1282 3742 imbecillitati
1300 3678 1399 3735 con-
1444 3645 1448 3652 ’

218 3756 342 3868 donet
372 3786 538 3893 nostrie,
549 3787 741 3868 lectorum
764 3789 869 3870 rude
879 3789 1014 3954 vulgus
1033 3785 1139 3871 haud
1160 3810 1307 3870 temere
1326 3786 1398 3868 fla·

219 3923 421 4031 gitamus..
491 3975 496 3984 ·
825 3944 842 3951 ’·
1102 3939 1105 3946 “
1197 3945 1202 3954 ·
1262 3949 1264 3954 ’

199 4092 208 4108 ·
276 4059 352 4140 Sed
381 4061 476 4169 quid
503 4058 659 4141 interim
687 4060 823 4143 Edrtro
836 4059 935 4142 tua?
954 4057 1085 4155 ,haud
1093 4062 1179 4143 sane
1198 4059 1310 4141 video
1328 4082 1399 4140 cur

218 4187 388 4279 examen
408 4196 587 4308 refugiat,
615 4193 707 4280 eum
725 4201 779 4280 ita
801 4200 848 4282 fit
868 4182 1065 4294 adornata,
1094 4185 1151 4291 ut,
1180 4226 1266 4308 quae
1285 4181 1398 4280 max·

221 4329 304 4410 ime
328 4319 590 4438 requiruntur,
619 4355 664 4408 ea
681 4317 795 4410 nobis
814 4329 978 4410 subsidia
996 4329 1243 4410 administret.
1300 4331 1398 4410 Ete⁴

220 4451 309 4534 nim
329 4453 373 4534 in
391 4454 553 4536 materie
571 4453 738 4564 subjedta
754 4453 877 4566 fiquid
892 4452 992 4536 forte
1007 4454 1201 4536 oblc'urlus
1212 4453 1398 4545 videatur,

1341 4575 1400 4655 aa
1538 4595 1541 4604 .
