3509 5175
712 424 1154 574 ‘istil

389 659 480 741 eine
496 653 686 741 credibile
697 653 759 737 'est
778 671 844 736 aut
862 649 1113 759 memorabile
1130 650 1213 729 ἓ-
1228 677 1349 733 nemo
1376 646 1554 761 profedo,

390 818 511 875 nemo
531 791 646 886 sanus„
660 792 824 881 Graecos,
843 782 1025 865 homines
1043 784 1198 900 aurium
1216 785 1266 865 ad
1285 784 1485 865 fastidium
1502 784 1553 863 ul·

380 946 470 1039 'qne
490 926 759 1014 delicatarum,
780 924 822 1003 in
842 920 1127 1031 pronuntiando
1148 908 1381 1032 usqueadeo
1396 916 1554 1037 βορῆς·

387 1061 453 1176 ζειν
469 1059 629 1172 potuiffe
652 1058 905 1140 existimabit..
1027 1046 1035 1062 ⁸
1238 1083 1245 1093 ·
1437 1111 1441 1118 -

448 1200 610 1282 Interim
628 1196 733 1279 haud
751 1198 900 1305 ignoro,
929 1194 1146 1305 quantitate
1165 1192 1261 1276 salva
1289 1190 1419 1285 adhuc
1446 1192 1486 1273 u
1504 1194 1554 1275 in⁴

391 1334 554 1427 columi,
574 1334 679 1413 vocis
699 1350 811 1410 tonos
830 1331 967 1410 variari
988 1329 1116 1439 pulser
1134 1330 1271 1447 'neque
1290 1328 1365 1409 hac
1384 1328 1508 1407 forsan
1525 1327 1555 1405 in

355 1549 357 1553 ,
390 1489 499 1581 parte
518 1475 666 1553 Graecos
689 1493 1115 1581 veterespermagnum
1143 1472 1339 1580 quiddam¹
1360 1471 1554 1578 pronunti·

387 1604 493 1708 ando
512 1601 663 1682 effioere
682 1602 844 1713 potuillc
865 1604 1084 1711 negaverim
1105 1638 1117 1695 3
1154 1606 1193 1681 bc
1213 1588 1244 1683 is
1264 1603 1359 1684 sane·
1375 1604 1454 1683 erit
1472 1594 1555 1681 mihi

391 1766 559 1847 magnus
577 1739 735 1848 Apollo,
764 1740 935 1849 quisquis
955 1738 1156 1848 antiquam
1174 1738 1282 1819 illam
1297 1740 1337 1819 dr
1352 1738 1554 1849 genuinam

392 1861 585 1980 mporpdav
603 1870 806 1952 restituerit
821 1901 834 1949 z
847 1916 905 1932 -
924 1890 965 1951 at
984 1898 1088 1963 vero,
1116 1898 1209 1952 cum
1229 1870 1277 1951 ab
1298 1870 1554 1953 accentoribus

388 2004 588 2085 hodiernis
615 2003 717 2083 nihil
744 2004 824 2084 tale
843 2004 953 2085 effici
973 1999 1138 2098 ¹videam,
1174 1998 1319 2086 defines
1349 2006 1498 2097 mirari,
1523 1984 1554 2097 li,

389 2163 487 2245 quas
506 2136 564 2216 illi
584 2136 890 2245 praescripserint,
901 2136 1069 2245 ”legibus
1087 2136 1315 2247 obsequium
1334 2140 1472 2221 servile
1490 2159 1555 2217 non

384 2268 643 2378 xprostiterim.
689 2269 777 2368 Irno
796 2296 885 2349 vero
904 2267 1017 2377 facile
1040 2270 1166 2378 patior
1194 2268 1488 2349 Grammaticos
1503 2268 1555 2349 suo

390 2401 452 2481 ‘uti
476 2389 651 2507 judicio·
670 2402 710 2479 bc
729 2401 1001 2513 institutiones,
1032 2402 1137 2483 unde
1157 2386 1305 2484 utilitas
1329 2402 1464 2513 aliqua
1480 2428 1554 2511 per·
1574 2492 1575 2511 Ν

391 2538 569 2650 cipiatur‚
597 2537 818 2619 inculcare:
848 2540 985 2621 itidem
1004 2539 1118 2622 facile
1139 2542 1264 2652 patior
1283 2538 1555 2652 Typographos

387 2676 545 2760 ‚usitatas
573 2673 732 2766 vocibus
759 2674 904 2752 Graecr‘r
932 2673 1096 2782 virgulas
1126 2677 1345 2786 appingere,
1381 2677 1423 2762 dc
1453 2673 1554 2754 solitis

393 2808 594 2888 o‘culorum
622 2807 851 2917 praejudiciis
878 2805 1122 2888 satisfacere:
1164 2835 1300 2890 verum
1331 2835 1377 2888 ea
1405 2808 1552 2908 interim

384 2945 488 3052 lege,
518 2965 563 3023 ut
581 2961 675 3022 nota
692 2942 922 3051 syllabarum
952 2945 1146 3052 quantitas
1177 2971 1257 3025 non
1290 2943 1458 3024 violetur
1471 2979 1484 3035 ς
1520 2961 1553 3022 ut

345 3139 356 3150 ..
384 3086 518 3166 Metri
544 3081 820 3192 Rhythmique
840 3075 1005 3162 rationes
1030 3109 1052 3161 a
1075 3080 1413 3189 pronuntiantibus
1435 3080 1552 3160 incor-

392 3238 514 3333 rupta
533 3211 734 3299 serventur.

381 3381 393 3441 ·,
447 3353 651 3465 inibet,
679 3350 847 3461 inquies,
876 3349 918 3428 in
940 3347 1129 3429 vocabulo
1147 3347 1344 3456 'propriam
1368 3340 1551 3455 quandam

385 3491 520 3583 ‚sedem
537 3489 655 3571 habet
677 3491 901 3572 Accentus':
924 3483 1078 3569 habeat
1097 3483 1213 3576 sanes
1249 3501 1287 3566 at
1306 3477 1497 3595 qualem?
1522 3477 1552 3555 br

391 3757 502 3809 ornnes,
518 3751 665 3816 ,quotquot
684 3755 813 3815 unquam
832 3733 952 3813 eatitere
968 3729 1044 3810 apud
1056 3731 1172 3802 Graecos,
1193 3726 1397 3798 Grammatici,
1417 3724 1455 3784 ad
1474 3740 1551 3782 unum

391 3839 502 3889 ornnes,
523 3819 707 3897 liquidillime
721 3817 919 3896 profiteantur,
936 3817 976 3874 'aa
991 3825 1014 3872 H
1030 3819 1056 3871 δι
1070 3824 1095 3870 n
1109 3807 1248 3889 lapbaysac
1263 3821 1361 3868 natura
1372 3809 1428 3886 sua
1443 3803 1496 3864 elle
1508 3805 1551 3861 lar-

381 3923 449 3981 gar,
469 3921 523 3962 nec
536 3900 598 3959 ulla
608 3898 718 3958 ratione
730 3898 791 3956 lieri
807 3897 918 3956 breves.
952 3893 1034 3972 Qid
1049 3893 1087 3966 est
1101 3892 1290 3964 aliud‘aatura
1307 3891 1354 3966 effe
1366 3891 1468 3966 longara
1478 3902 1551 3964 quan

390 3982 534 4042 morulam
544 3979 706 4057 longiorem
716 3979 882 4037 consumere
896 3976 927 4038 iu
945 3974 1204 4054 pronuntiatione?
1227 3971 1320 4048 Atqui
1339 3989 1391 4050 per
1404 3969 1552 4028 Accensa

388 4063 479 4142 vulgo
492 4062 623 4121 videmur
634 4058 722 4118 etiam
735 4055 1042 4136 longiffimaelyllabas
1061 4053 1248 4135 pracipitari,
1268 4057 1295 4110 tr
1316 4049 1442 4126 uolubili
1465 4049 1551 4122 lingua

389 4143 507 4223 corripi.
541 4141 713 4202 Pronuntiet
731 4139 796 4218 quia
809 4138 966 4198 secundum
987 4156 1098 4196 morem
1111 4134 1259 4212 vulgarem
1279 4135 1432 4196 aalma·
1452 4128 1551 4188 auriuu

389 4225 492 4286 borror
505 4223 623 4284 docebit
636 4242 704 4281 eum
716 4220 809 4280 veloci
824 4219 924 4296 lingua
938 4217 1095 4279 transaliiffe
1117 4244 1146 4276 το
1166 4226 1294 4280 uarat,
1317 4213 1398 4292 quod
1412 4228 1497 4292 quarn
1509 4206 1550 4265 ab·

381 4301 515 4374 ‘hornan
535 4325 594 4362 non
607 4303 713 4375 dicam,
735 4300 904 4361 aluavitate
919 4297 1124 4358 modulationis
1147 4297 1256 4374 (Graeca
1283 4293 1362 4354 enim
1383 4291 1482 4370 lingua
1501 4287 1550 4346 sua-

387 4387 497 4448 viffima
510 4385 643 4456 habetur)
660 4384 707 4444 sed
719 4406 737 4442 a
748 4393 849 4442 natura
861 4378 994 4460 bpbaysm
1008 4380 1052 4456 (id
1066 4379 1104 4440 est
1119 4378 1179 4440 soni
1193 4374 1347 4457 duplicati)
1364 4364 1551 4438 nemoriani

385 4467 476 4530 modo
490 4485 550 4528 non
564 4465 596 4528 stt
610 4465 758 4539 surdaster,
772 4461 869 4525 audit.

1424 4491 1549 4670 quinas
