3509 5175
674 465 676 470 ’
801 453 825 592 [
897 492 991 590 302
1064 460 1088 595 l

358 675 575 791 longinquo
593 681 864 791 speculator&
892 673 1111 794 eriplorator
1135 681 1533 766 administrationibus
1591 758 1592 763 a

358 809 439 892 fere
464 815 647 896 omnibus
665 813 862 907 interfuit,
893 819 1117 909 admonens,
1145 819 1359 925 increpans,
1388 813 1531 893 adhor-
1591 920 1592 935 χ

359 963 461 1038 tans,
491 973 752 1038 remunerans,
781 948 962 1040 confiliis,
982 950 1220 1040 audioritate,
1242 946 1535 1028 munificentia:
1591 946 1592 1021 J

360 1080 518 1187 presens
538 1079 737 1188 providere
757 1101 799 1158 ut
817 1080 990 1159 Pastores
1014 1079 1195 1187 gregibus
1222 1070 1363 1188 pabula
1384 1077 1535 1185 praebe-

360 1233 447 1294 rent
466 1215 604 1294 idonea
619 1272 632 1306 ,
661 1214 836 1316 infirmos
851 1236 968 1323 atque
983 1241 1167 1323 pauperes
1182 1214 1324 1320 opibus
1339 1212 1535 1319 adjuvare,

301 1419 303 1423 .
355 1352 585 1467 industriam
607 1354 837 1447 resuscitare,
865 1355 1033 1462 praemiis
1054 1354 1272 1460 accendere,
1293 1353 1341 1430 de
1361 1348 1538 1429 Ecclesia

359 1477 631 1564 benemeritos
651 1487 698 1564 ad
718 1486 851 1566 altiora
871 1511 1123 1595 promovere3
1152 1488 1349 1594 providere
1369 1484 1537 1561 demum

359 1643 409 1696 ne
429 1645 505 1723 qua
525 1618 564 1696 in
586 1645 625 1696 re
644 1645 712 1725 per
731 1618 837 1698 Cleri
867 1620 1056 1699 incuriam
1089 1619 1149 1698 vel
1180 1618 1434 1727 pervicaciam
1464 1615 1538 1693 ali-

361 1748 455 1853 quid
471 1747 696 1828 detrimenti
713 1767 868 1868 caperet
884 1777 942 1829 rcs
959 1749 1235 1846 Ecclesrastica‚
1258 1751 1333 1829 Har
1351 1747 1409 1827 illi
1428 1763 1539 1826 erant

261 1911 264 1918 ¹
358 1882 514 1990 imperii
533 1902 645 1978 artes,
667 1882 765 1962 Haec
785 1885 920 1965 studia.
969 1885 1067 1965 Haec
1098 1887 1149 1965 ad
1174 1904 1396 1967 extremum
1415 1882 1540 1990 usque

362 2016 494 2092 animo
514 2015 700 2094 insidebat
731 2043 835 2096 cura.
884 2017 1002 2119 Qrali
1033 2018 1201 2126 denique
1232 2016 1370 2097 affeetu
1401 2015 1542 2093 omnia

358 2157 513 2266 pietatis
533 2159 571 2238 ὃς
593 2154 848 2239 humanitatis
869 2157 995 2236 officia
1014 2157 1136 2237 coluit
1165 2157 1205 2235 &
1235 2156 1397 2237 colenda
1420 2181 1540 2233 corn·

360 2291 572 2383 mendant,
613 2310 749 2374 caetera
777 2293 805 2374 fi
836 2291 1041 2398 defuissent
1070 2305 1311 2400 argumenta,
1350 2291 1541 2399 suprema

360 2425 524 2531 Tabulas
545 2425 744 2519 testantur,
775 2427 818 2508 sd
837 2444 1002 2507 mortuus
1021 2425 1142 2508 adbuc
1159 2424 1336 2536 loquitur.

336 2610 341 2619 ·
386 2577 391 2587 '
416 2562 508 2666 Jure
529 2564 677 2644 mireris
696 2565 825 2644 Unius
851 2562 1029 2644 animum
1050 2581 1109 2645 tot
1129 2563 1320 2671 tantisque
1336 2557 1540 2641 laboribus

360 2696 442 2775 tam
463 2698 576 2804 longe
594 2696 751 2808 lateque
770 2698 972 2807 disjunctis
992 2694 1202 2779 suffecisse:
1227 2696 1356 2776 idem
1375 2718 1472 2773 vero
1491 2691 1539 2769 sr-

360 2830 445 2908 mul
465 2831 711 2912 admiraberis
730 2832 973 2939 singularem,
1001 2859 1122 2942 quam
1141 2830 1225 2938 lpse
1250 2826 1320 2908 libi
1349 2829 1391 2907 in
1408 2826 1541 2906 admi-

362 2964 647 3047 nistrationibus
666 2967 849 3049 omnibus
870 2968 1133 3077 praellituerat,
1152 2966 1396 3077 disciplinam
1407 2998 1419 3055 3
1453 2990 1541 3071 quae

361 3100 490 3182 effecit
512 3122 556 3183 ut
576 3102 724 3211 fingula
743 3103 895 3212 praevisa
914 3107 953 3184 δι
972 3107 1186 3216 explorata,
1214 3106 1254 3183 ὅσ
1272 3103 1407 3183 ordine
1429 3117 1542 3179 certo

365 3234 552 3343 dispofita,
570 3237 704 3344 ‚magis
733 3238 774 3317 in
805 3257 991 3347 promptu
1019 3258 1281 3333 occurrerent,
1312 3234 1472 3315 facilius
1504 3234 1542 3313 in

363 3364 451 3445 usus
471 3367 643 3477 proprios
664 3368 1009 3452 accommodanda.

420 3506 556 3615 ltaque
577 3504 648 3586 Ille
666 3532 766 3586 unus
787 3506 827 3585 in
848 3504 1027 3586 universrs
1049 3521 1155 3584 tanta
1172 3530 1266 3583 cum
1285 3501 1397 3581 laude
1415 3499 1489 3579 sua
1506 3500 1544 3578 δε

362 3634 605 3743 Reipublicae
626 3635 755 3717 frusto
777 3634 1008 3716 versabatur.
1052 3634 1153 3713 Vide
1183 3634 1281 3713 adeo
1310 3632 1350 3712 in
1370 3631 1544 3738 negotiis

364 3770 613 3881 tranfigcndis
644 3772 862 3875 Methodus
890 3794 1080 3882 quantum
1110 3772 1244 3865 valeat,
1276 3788 1389 3879 atque
1417 3770 1466 3848 in
1499 3798 1543 3850 eo

319 3914 325 3919 ’
364 3906 442 4015 ipso
460 3884 976 4016 summam-Archiepiscopi
1004 3902 1252 4013 prudentiam
1280 3902 1543 3982 &solertiam

366 4036 606 4146 recognosce.
654 4036 761 4144 Qid
783 4039 919 4118 multis
936 4038 964 4113 ?-
980 4037 1020 4116 in
1039 4038 1236 4146 provincia
1250 4033 1360 4114 omni
1376 4034 1544 4141 quaestor

364 4171 498 4263 fidelis,
528 4168 825 4250 in'commercio
842 4170 910 4249 suo
924 4166 1184 4270 Ecclesiastico
1203 4167 1438 4277 dispensator
1458 4194 1544 4275 pro-

363 4305 487 4392 vidus,
518 4302 572 4377 ita
604 4300 752 4407 semper
785 4297 826 4381 lc.
851 4298 961 4405 gellit
991 4333 1034 4383 ως
1063 4295 1239 4376 scrobum
1268 4290 1345 4382 olle,
1386 4294 1543 4374 rationis

365 4461 496 4515 coram
518 4428 607 4511 Dei>
627 4432 664 4512 dc
682 4430 911 4513 'hominibus
931 4429 1140 4539 aliquando
1167 4427 1372 4509 reddenda
1394 4453 1543 4507 memo·

1452 4586 1542 4639 rem.
