3509 5175
625 428 918 576 taur

190 647 306 766 Qid
324 651 391 738 illa
407 650 645 766 stipatiffima
669 653 906 764 frequentia,
935 657 975 736 tr
1000 683 1093 742 oum
1123 657 1388 743 mutilatione

191 791 367 902 quadam
398 788 659 874 subselliorum
691 789 1007 901 preoccupatio?
1046 793 1155 899 Qid
1183 795 1246 876 illa
1273 768 1365 876 om.

191 925 309 1008 nium
325 925 469 1008 arrecta
487 921 735 1033 expediatio?
761 921 920 1002 Scilicet
936 922 1077 1004 Orator
1096 925 1224 1010 noster
1243 927 1307 1008 ille
1326 909 1372 1008 in=

193 1063 315 1147 rostro
332 1061 477 1173 prodit,

249 1237 326 1318 Nil
348 1236 514 1317 mortale
534 1237 682 1328 sonans,
711 1263 827 1344 opera
847 1234 1078 1318 vehemente
1098 1239 1287 1336 minister,

247 1376 303 1456 Et
321 1375 457 1483 vigiles
477 1375 607 1455 oculos
627 1395 666 1454 et
685 1377 802 1455 corda
821 1377 998 1484 sequacia
1017 1397 1180 1486 raptans.

195 1597 436 1703 Quanquam
465 1596 560 1705 quid
588 1593 711 1676 isthoc
742 1615 823 1676 erat
853 1596 1087 1706 eloquentiae
1118 1596 1369 1695 admirabilis,

196 1733 344 1842 quoda
373 1733 564 1842 plerisque
590 1752 672 1814 tam
702 1732 909 1840 magnifice
938 1734 1189 1842 predicatum
1218 1736 1370 1844 accepi-

196 1869 318 1953 mus?
360 1866 456 1960 Non
485 1871 572 1956 sane
600 1871 641 1949 iu
669 1869 865 1951 sententiis
893 1861 1020 1962 larome
1049 1871 1369 1970 Demosthenica,

196 2038 275 2092 uon
295 2009 477 2093 diationis
495 2008 606 2092 ardor
624 2008 889 2116 splendorque,
919 2035 1008 2088 norr
1018 2010 1166 2118 ingenii
1190 2014 1371 2093 exultan-

198 2147 248 2224 tis
267 2144 382 2237 lusus,
410 2171 488 2226 uon
512 2142 816 2224 Rhetoricorum
835 2144 1045 2252 pigmenta,
1073 2147 1126 2237 du,
1157 2175 1242 2254 quae
1262 2175 1372 2229 aures

199 2278 365 2358 delinire
392 2278 496 2371 solet,
535 2269 686 2386 periodi
710 2278 948 2358 decurrentis
978 2273 1144 2360 clausula
1174 2280 1374 2364 numerosa

197 2415 237 2498 dc
253 2438 397 2509 canora
412 2448 424 2508 3
453 2437 588 2491 verum
617 2411 768 2490 eratin
797 2410 992 2492 sententiis
1021 2409 1241 2524 augustinum
1260 2413 1374 2523 plane

197 2545 457 2641 Aristotelica,
476 2545 640 2655 stylique
659 2548 814 2657 penitus
833 2545 1016 2655 castigata
1034 2547 1227 2630 luxuries:
1270 2543 1392 2631 nihil

197 2687 355 2794 operose
387 2686 641 2779 elaboratum,
681 2683 782 2768 nihil
814 2704 958 2765 temere
990 2684 1181 2767 effusum:
1229 2682 1373 2799 prore
1418 2771 1423 2785 ί

197 2841 291 2935 nata
308 2820 385 2903 sme
406 2819 510 2911 fuco,
531 2822 610 2899 fine
629 2837 767 2899 ornatu
787 2819 966 2899 dictionis
991 2820 1091 2901 casta
1119 2820 1371 2929 fimplieitas:

197 2956 388 3065 quicquid
407 2954 505 3033 illud
523 2974 675 3033 erat-
687 2952 813 3031 verbis
832 2954 954 3033 inerat
975 2988 1006 3030 π
1025 2986 1145 3044 τετιςον,Υ
1172 2954 1212 3033 dc
1231 2954 1272 3033 in
1294 2982 1371 3063 po·
1445 2952 1449 2961 ’

196 3088 393 3195 pulerium
413 3114 522 3166 aures
544 3086 767 3195 animosque
783 3086 969 3167 influebat
981 3086 1088 3165 mitis
1108 3088 1256 3167 oratio:
1285 3088 1372 3195 ges·

196 3245 260 3309 tus
282 3226 412 3307 decori
431 3227 566 3334 gratia,
594 3227 635 3304 dc
654 3226 694 3304 in
714 3226 822 3305 vultu
842 3225 992 3333 placida
1011 3225 1202 3318 severitas,
1225 3225 1373 3334 singula
1425 3292 1428 3297 .

196 3364 490 3447 commendavit
503 3398 517 3454 ς
553 3365 636 3442 imo
664 3365 705 3443 dc
737 3362 850 3441 dietis
881 3361 986 3470 quali
1015 3360 1135 3440 fidem
1165 3360 1374 3470 imperavit

196 3503 281 3611 ipsa
312 3500 473 3580 dicentis
505 3502 721 3580 auctoritas.
782 3500 903 3601 Qod
940 3518 1019 3578 erat
1063 3497 1291 3609 Philosophi
1329 3500 1372 3580 dc

198 3632 415 3742 Theologi,
435 3632 521 3712 satia
535 3630 671 3711 habuit
690 3631 877 3723 distinete,
892 3631 1071 3739 graviter,
1088 3630 1238 3725 dicere3
1266 3630 1375 3741 quod

199 3798 294 3854 vero
310 3787 390 3850 erat
405 3768 641 3859 Rhetorum,
663 3784 797 3847 ornate
815 3768 954 3858 dicere,
972 3762 1094 3845 isthoc
1109 3764 1178 3846 Ille
1196 3794 1272 3845 non
1291 3784 1375 3849 tam

200 3900 375 3993 nescivit,
405 3926 523 4009 quam
543 3900 644 3979 ultro
670 3899 855 4006 neglexit.
896 3898 1006 4005 Qd
1034 3899 1194 3978 multis?
1230 3900 1377 3979 Orator
1473 3918 1478 3923 ’

200 4036 273 4119 hic
291 4034 417 4117 noster
435 4035 514 4115 fine
531 4034 684 4114 dicendi
704 4032 866 4117 artificio
885 4062 1020 4117 veram·
1042 4033 1267 4142 eloquentiae
1291 4020 1376 4114 lau·

201 4179 296 4259 dem
315 4174 539 4257 consecutus
557 4172 770 4255 videbatur.

261 4309 413 4419 Magna
430 4308 517 4391 sane
534 4306 617 4388 haec
635 4308 752 4404 sunt3
779 4306 839 4389 sed
867 4308 971 4389 aliud
1001 4304 1187 4419 quiddam
1214 4290 1381 4417 superest

205 4446 610 4543 commemorandum,
621 4471 708 4529 mea
719 4444 918 4537 sententia
930 4444 1043 4525 laude
1056 4442 1219 4552 dignum
1230 4442 1384 4550 majori.

816 4560 906 4646 Nn
1257 4563 1384 4680 Qale
