3509 5175
670 381 695 523 s
926 387 964 550 λ]

218 608 348 693 us'tam
365 607 523 704 civilem,
549 605 714 722 ofismque
731 610 935 722 reipublicae
952 639 1169 716 communem
1195 612 1398 699 troducit.-

217 775 336 860 quam
358 748 423 828 M.
436 747 492 827 T.
506 746 649 830 Cicero
673 779 746 833 non
757 752 845 857 fine
871 753 1096 836 exultatione
1127 752 1282 864 quddam
1315 751 1415 836 vite

217 884 384 982 ducem,
413 911 648 994 morumque
672 887 894 996 magistram
911 891 1099 1002 agnovit:
1129 888 1230 996 cujus
1248 889 1302 972 ad
1313 889 1403 971 bene

218 1015 398 1126 beateque
425 1015 625 1100 vivendum
655 1019 715 1100 oss
744 1019 907 1126 latffme
931 1038 1058 1131 patet,
1088 1050 1169 1102 cum
1199 1022 1403 1104 animorum

220 1169 347 1232 motus
362 1179 480 1232 omnes
494 1150 728 1261 tranquillet,
757 1152 801 1232 &5
820 1153 888 1262 ipst
895 1152 1071 1258 ¹fortunat
1090 1153 1307 1248 dominetur,
1335 1181 1403 1236 ca·

207 1288 287 1394 Jus
304 1284 416 1366 etiam
433 1282 605 1392 aduersos
623 1285 809 1394 corrigat,'
834 1286 878 1365 ἔθ’
897 1287 1039 1378 emulis
1059 1287 1181 1368 eieciat
1199 1288 1308 1376 bona,
1339 1285 1404 1367 vi·
1452 1371 1464 1399 ,

222 1440 348 1534 taque
364 1419 501 1504 demum
521 1440 679 1503 tenorem
701 1424 744 1503 ὃ
762 1423 949 1532 decurstcm
962 1423 1173 1532 aqnabilem
1190 1429 1379 1533 corfirvet
1390 1447 1408 1515 ς·

224 1557 522 1670 quemadmodum
535 1563 619 1640 Ars
636 1559 779 1666 Mufiea
798 1562 895 1642 lenia
913 1591 994 1644 cum
1009 1561 1169 1672 severis,
1191 1581 1305 1642 acuta
1323 1587 1405 1640 cum

170 1683 175 1690 ¹
219 1691 415 1804 gravibus
431 1711 651 1802 temperans,
675 1693 805 1775 varios
828 1693 1059 1802 aequabiliter
1077 1715 1269 1788 concentus
1281 1695 1405 1806 efficit.

224 1827 294 1908 En
314 1826 483 1938 efficacem
501 1825 619 1907 animi
642 1829 864 1933 agrotantis
894 1829 1140 1913 medicinam!
1183 1829 1269 1911 huic
1299 1830 1407 1941 dosci-

219 1964 342 2074 plinae
359 1980 397 2045 te
414 1960 603 2072 affluescere
623 1981 734 2072 atquc
753 1964 810 2045 ita
839 1966 977 2046 demum
1005 1964 1258 2078 philosophari
1279 1965 1404 2055 velim,

226 2113 273 2176 ut
293 2123 407 2176 veros
422 2092 553 2204 aliquis
565 2093 768 2205 sapientia
778 2097 941 2207 fruetus
956 2115 1150 2208 quarotur
1170 2124 1250 2176 cuno
1270 2091 1409 2201 ingenii

226 2230 338 2313 laude
356 2211 579 2336 c'ozs'onnus.
830 2318 833 2322 A

285 2367 412 2473 Qore
442 2395 521 2448 com
549 2367 613 2446 M.
635 2364 688 2444 T.
718 2366 916 2476 Ciceronis
942 2366 1074 2450 mentio
1092 2369 1200 2450 toties
1217 2365 1405 2472 incideret,

228 2499 336 2582 video
353 2500 446 2582 mihi
462 2501 668 2607 aecastonem
686 2499 790 2582 haud
803 2502 1015 2585 incommode
1033 2500 1208 2595 oblatom3
1235 2519 1292 2594 ut,
1319 2500 1413 2611 quod

229 2636 273 2717 de
289 2636 453 2747 operibus
473 2636 570 2717 illius
598 2635 851 2748 philosophicis
868 2638 1057 2745 magnqice
1068 2636 1205 2748 sentio,
1234 2636 1278 2718 id
1292 2635 1410 2723 liben-

230 2790 292 2852 ter
309 2769 533 2881 praedieem3
568 2788 676 2877 atque
693 2771 780 2851 adeo
798 2774 1005 2877 juventuti
1028 2771 1237 2881 prasertim
1256 2769 1409 2852 Acade-

230 2906 335 2987 micae
347 2922 432 3015 pra
449 2905 594 2986 coeteris
612 2902 877 3017 quibuscunque
894 2904 1018 3015 studio
1048 2907 1134 2989 acri
1162 2904 1205 2985 ὅθ’
1224 2900 1407 3014 coossanti

232 3040 381 3153 legenda
409 3044 476 3123 imo
506 3040 549 3124 ὃ
575 3041 708 3122 animis
730 3041 919 3151 inserenda
946 3021 1188 3135 commendare
1212 3068 1283 3122 non
1303 3037 1410 3120 dubi·

233 3196 335 3267 tem3
364 3202 435 3256 non
453 3172 564 3267 modo,
594 3172 680 3284 quia
699 3202 744 3252 ex
763 3175 807 3253 iis
827 3176 871 3254 ἔθ’
892 3171 1221 3285 multasapientiae
1238 3170 1412 3279 dogmata

234 3311 279 3391 δέ
297 3307 350 3389 ad
363 3336 479 3388 mores
500 3306 670 3415 regendos
689 3304 732 3383 ἔθ’
751 3306 1026 3415 confirmandos
1037 3300 1409 3417 praeoptasaluber-

233 3446 332 3527 rima
351 3443 506 3524 hauriri
513 3438 667 3551 poffnnt,
697 3470 827 3522 verum
846 3444 958 3524 etiam
979 3444 1065 3553 quia
1084 3443 1150 3522 hoc
1169 3435 1346 3551 aequabile
1367 3437 1411 3517 fd

234 3598 477 3690 temperatum
496 3577 638 3660 dicendi
657 3606 775 3686 genus
793 3579 921 3688 absque
937 3578 1116 3689 offirfione
1136 3577 1213 3658 uolt
1231 3578 1270 3658 in
1290 3575 1412 3659 obvios

233 3726 415 3807 homonum
427 3724 557 3831 semus
574 3739 685 3832 atque
699 3721 844 3828 judicia
868 3720 1045 3813 incurrit,
1073 3719 1125 3801 ad
1147 3718 1301 3804 omnium
1318 3706 1420 3827 cap?

234 3884 314 3944 tum
331 3859 498 3970 ufiomque
517 3885 730 3941 communem
754 3856 1065 3949 accommodatius,
1095 3887 1142 3940 ac
1162 3854 1318 3968 prounde
1330 3856 1409 3962 sa-

233 3996 338 4079 cilius
355 3995 559 4077 imitatione
577 3993 860 4102 coofiquendum.
905 3994 1027 4098 Quam
1046 3990 1144 4073 mira
1164 3992 1201 4071 in
1230 4020 1267 4071 eo
1287 3986 1410 4098 philo-

222 4138 409 4247 sophante
432 4132 886 4239 cogitationum‘celeritas
910 4150 1023 4243 atque
1048 4128 1317 4241 compreherfio,
1347 4158 1412 4209 re·

235 4298 390 4381 rumque
414 4283 677 4378 perceptarum
700 4264 952 4381 perspicuitas
982 4266 1026 4345 &
1052 4261 1193 4361 lucidus
1210 4260 1333 4344 ordo?
1373 4260 1412 4340 in
1493 4288 1506 4302 ⁸

229 4422 406 4527 promptu
419 4402 537 4489 uerba
552 4404 596 4485 ὅ
602 4404 818 4514 sententia,
837 4404 938 4511 quast
952 4402 991 4486 iu
1005 4399 1115 4484 medio
1129 4394 1271 4510 postta,
1290 4394 1419 4603 quale}

1005 4578 1008 4583 .
1364 4546 1389 4599 a
1452 4552 1454 4557 -
