3509 5175
796 389 820 528 [
894 424 994 518 300
1064 389 1089 530 ]
1188 417 1191 420 ·

355 655 413 678 ··-
425 614 466 697 id
486 640 603 695 omne
623 615 768 704 Censor
785 615 849 697 ille
870 613 994 704 fidelis
1015 610 1222 694 transuerso
1240 609 1394 694 calamo
1412 627 1539 706 nota-

355 749 426 840 vit,
460 746 636 840 correxit,
676 746 905 840 emendavit,
948 747 1327 854 &temperamento
1356 741 1536 855 quodam
1588 750 1589 845 l

357 882 533 963 adhibito
563 880 824 988 mitigavit&
853 877 1130 988 praemuuivit;
1164 896 1218 960 -ut
1247 877 1290 958 in
1319 875 1537 964 hominum

355 1022 488 1103 oculos
516 1021 698 1128 auresque
726 1017 1039 1106 commendatior
1065 1017 1336 1132 acceptiorque
1361 1015 1538 1123 prodiret
1588 984 1589 1059 l

356 1161 491 1242 oratio.
509 1199 561 1226 -ι
578 1155 629 1236 Et
649 1153 826 1266 profesto
845 1156 887 1236 in
910 1172 994 1236 toto
1008 1148 1252 1244 Criticorum‘
1265 1159 1384 1267 grege
1400 1150 1536 1260 Scrip-

356 1315 487 1378 torum
518 1291 782 1402 quorumlibet
808 1291 1022 1381 Censorem
1050 1289 1415 1400 Castigatoremque
1449 1306 1535 1378 tani

255 1504 259 1512 .
355 1430 541 1512 idoneum
573 1427 724 1516 aliunde
754 1424 892 1513 frustra
919 1425 1137 1538 quaefieris;
1176 1424 1343 1510 eundem
1371 1425 1539 1532 ingenio
1588 1526 1589 1543 Ν

322 1653 326 1662 ,
355 1587 438 1649 tam
459 1566 533 1647 acri
555 1567 594 1644 ὅσ
613 1563 835 1674 perspicaci,
857 1581 902 1643 ut
921 1561 1020 1642 nihil
1033 1590 1113 1643 non
1132 1561 1441 1651 animadvertere
1460 1587 1537 1672 po·
1588 1556 1589 1561 ¹

355 1706 473 1788 tuerit
485 1742 497 1800 3
526 1701 657 1788 indole
676 1701 831 1787 interim
851 1716 933 1781 tam
957 1697 1108 1786 liberali
1127 1701 1170 1780 dc
1186 1701 1366 1808 benigna,
1397 1717 1446 1780 ut
1466 1726 1538 1780 vo-
1588 1684 1589 1699 ¹

355 1835 471 1916 luerit
499 1859 607 1921 curas
640 1831 679 1909 δι
712 1830 859 1913 labores
889 1831 1034 1914 alienos
1064 1831 1166 1921 ultro
1190 1830 1238 1914 ad
1257 1813 1537 1924 ferteneferte,
1588 1882 1589 1905 i

357 1971 482 2054 aliena
501 1996 648 2060 curare,
669 1967 888 2060 emendare,
907 1995 1068 2061 ornarea
1099 1967 1202 2077 qnod
1223 1968 1384 2078 quidem
1403 1965 1537 2057 noster
1588 1924 1589 2001 l

356 2103 428 2184 Ille
447 2101 622 2212 praelate
642 2099 832 2208 praestitit,
854 2097 991 2182 eadem
1004 2126 1119 2209 opera
1134 2101 1175 2181 dt
1192 2101 1246 2180 rei
1260 2099 1461 2182 Literariae
1474 2099 1537 2184 in,
1588 2122 1590 2215 t

354 2255 558 2318 cremento
579 2235 692 2314 snnul
713 2235 751 2314 δι
770 2235 1005 2323 Amicorum
1020 2235 1135 2324 famae
1157 2235 1400 2346 prospiciens.
1430 2233 1536 2321 Scias
1588 2280 1589 2339 i

356 2374 452 2454 adeo
473 2373 651 2454 Aliorum
673 2370 810 2480 scripta
829 2371 1035 2479 permulta,
1063 2399 1150 2482 quaa
1182 2371 1231 2451 ad
1260 2370 1426 2481 posteros
1463 2370 1536 2448 ali·
1588 2358 1589 2413 l

356 2503 511 2613 quaudo
530 2503 769 2595 devenerint,
791 2501 1081 2614 Archiepiscopi
1097 2504 1281 2611 adjutoris
1299 2502 1537 2593 memoriam

357 2636 487 2717 secum
510 2662 585 2715 una
605 2633 754 2713 trahere
772 2636 844 2716 suae
862 2636 1054 2717 comitem
1074 2637 1212 2718 laudis.
1340 2656 1346 2671 “

412 2772 505 2875 Jure
525 2770 675 2852 mireris
696 2771 780 2851 talis
801 2773 978 2881 tantique
997 2770 1084 2861 Viri
1106 2772 1336 2882 patientiam
1353 2773 1395 2852 tc
1412 2772 1535 2853 soler·

359 2908 455 2985 tiam
476 2904 515 2982 in
538 2903 671 2989 alienis
693 2905 929 3011 corrigendis
943 2906 1199 3017 limandisque
1218 2907 1418 2991 versatam.
1449 2906 1536 3022 Ego

358 3054 462 3117 certe
484 3032 561 3113 hoc
582 3035 741 3123 nomine
761 3063 826 3127 me
845 3036 910 3125 Illi
923 3038 1138 3147 plurimum
1154 3038 1292 3117 debere
1306 3038 1444 3130 fateor,
1467 3066 1534 3116 ue·
1588 3037 1589 3130 g

357 3202 436 3281 que
465 3173 550 3251 satis
582 3199 654 3281 pro
686 3174 825 3267 merito
856 3177 1066 3283 praedicare
1091 3174 1243 3284 possum
1270 3175 1415 3283 insigne
1435 3176 1534 3259 illud
1588 3159 1589 3254 l

273 3387 277 3394 ,
356 3330 448 3412 erga
466 3332 530 3385 me
549 3304 830 3384 Benevolcntiae
852 3306 1131 3400 testimonium,
1162 3327 1249 3415 quae
1269 3307 1306 3387 se
1332 3307 1451 3387 toties
1473 3307 1536 3387 ul·

264 3498 266 3501 -
357 3465 417 3523 tro
433 3444 566 3523 nostris
581 3442 794 3527 immiscuit
808 3444 925 3535 curis,
947 3442 1153 3551 effecitque
1169 3461 1212 3527 ut
1227 3470 1315 3533 mea
1327 3440 1428 3533 mihi
1449 3470 1535 3521 ma·
1588 3471 1589 3480 ¹

356 3584 416 3691 gis
435 3582 640 3691 placerent.
680 3582 773 3661 Hoc
793 3580 972 3690 profiteor
991 3582 1039 3668 de
1059 3558 1125 3661 me
1141 3581 1261 3689 reipsa
1281 3580 1374 3703 sape
1393 3579 1533 3689 'exper-
1588 3673 1589 3696 χ

358 3743 445 3800 tus:
487 3720 527 3797 dc
547 3716 736 3826 profecto,
765 3717 955 3828 siqnidem
983 3720 1145 3803 omnino
1176 3718 1256 3808 ulla
1282 3743 1340 3807 rea
1360 3716 1531 3827 aliquem
1588 3707 1589 3746 ¹

359 3853 551 3963 Superbia
581 3871 647 3947 aut
677 3854 917 3963 Arrogantiae
941 3852 1091 3937 sensnm
1119 3845 1251 3945 animo
1283 3878 1373 3939 meo
1403 3848 1532 3939 afflare
1588 3901 1589 3970 p

357 3994 541 4103 potuerit,
570 4018 619 4071 en
638 3991 677 4071 id
697 3992 837 4103 ipsum,
866 3994 916 4088 de
946 4021 1025 4107 quo
1051 3994 1208 4103 gloriari
1229 3991 1348 4073 libeta
1391 4017 1531 4103 nempe

359 4125 647 4207 mentorum
676 4128 786 4207 usum
814 4110 1033 4212 stuatosum
1056 4108 1192 4222 'nica
1222 4128 1426 4235 Adjutore,
1459 4129 1531 4216 ua-

357 4276 472 4340 trono
490 4257 499 4339 !
530 4258 678 4363 Qidni
694 4284 769 4369 ego
784 4261 1020 4353 Terentiana
1039 4258 1124 4356 haec
1144 4260 1191 4353 ad
1208 4287 1274 4353 me
1289 4259 1533 4359 transferam,
1588 4347 1589 4376 p

360 4402 667 4483 asenciente
687 4384 790 4481 haud
812 4384 970 4481 aliena?
1588 4385 1589 4390 '

1420 4497 1527 4585 Nam
