3509 5175
649 401 685 615 [’
744 481 908 626 91]

530 975 1018 1142 [nerontld

299 1499 330 1579 I
333 1501 371 1580 B
379 1502 418 1581 Ε
429 1493 469 1580 T
489 1513 613 1594 tecum,
641 1500 776 1581 Lecto
801 1499 971 1598 benevole,
1001 1498 1128 1608 paucis
1154 1495 1366 1608 praeludere.

327 1630 392 1708 En
408 1627 477 1710 tibi
494 1627 637 1738 legenda
653 1629 860 1712 exhibentur
874 1653 1114 1744 Μελιτημιιτιι,
1141 1659 1219 1742 quae
1235 1627 1371 1740 quidem

327 1754 344 1829 i
361 1741 448 1834 &ero
465 1751 576 1864 noster
590 1752 815 1864 diverfimode
828 1757 989 1866 scripsit,
1016 1787 1081 1840 non
1099 1775 1176 1840 tam
1193 1755 1234 1838 de
1250 1751 1369 1862 indus-

207 1869 273 1952 tria
289 1872 429 1990 ingenii
445 1877 580 1960 laudm
591 1907 746 1988 quarens
759 1881 927 1992 aliquam,
945 1911 1049 1992 quam
1063 1885 1180 1966 anima
1196 1881 1372 1994 obsequens

195 2007 265 2114 suo,
284 2007 328 2088 &
344 2036 365 2088 e
373 2006 619 2118 prolufionilus
634 1997 825 2123 hujusmodi
838 2013 1069 2118 molestiarum
1086 2011 1241 2096 levamen
1252 2028 1372 2118 prtem

207 2135 457 2246 homstiffinnm.
502 2139 635 2224 Eodem
654 2142 762 2250 plane
787 2140 918 2252 effectu
935 2145 1126 2254 confidoque
1142 2143 1219 2252 costos
1237 2139 1371 2222 Editor

207 2271 242 2354 in
259 2272 366 2356 luem
381 2301 474 2355 mona
486 2275 630 2384 prodire
644 2273 763 2385 jubet,
791 2277 849 2358 ita
865 2295 983 2374 tamon
1000 2297 1040 2360 ut
1057 2307 1131 2358 rem
1148 2276 1218 2358 tibi
1233 2303 1294 2356 nec
1311 2272 1373 2358 inv'

203 2425 342 2514 gratam
359 2435 421 2487 nec
434 2405 593 2489 inutilem
597 2407 775 2516 fallurus
791 2408 972 2492 videatur.
1001 2409 1104 2521 Qit
1116 2412 1265 2493 autem?
1285 2405 1374 2517 quid

207 2542 269 2654 ipso
283 2541 324 2622 in
340 2540 463 2625 limine
477 2524 642 2639 miraris,
670 2541 713 2624 ld
728 2559 800 2654 pro
815 2543 1054 2658 corffuctudine
1062 2541 1196 2655 forsan
1208 2539 1369 2653 scripto·

207 2680 253 2759 ris
265 2679 425 2787 anonymi
442 2706 560 2758 nomen
578 2680 743 2789 quaris?
763 2682 934 2791 profecit,
959 2685 1010 2765 mi
1026 2683 1129 2781 homo,
1153 2683 1316 2793 iuriooſsus
1331 2678 1375 2761 id

198 2818 290 2923 focis
306 2845 410 2928 quam
428 2820 534 2928 causo
545 2818 716 2930 postulat3
753 2821 839 2930 quin
856 2821 935 2933 ipsa
947 2822 1065 2931 potius
1075 2821 1223 2933 scripto
1239 2844 1371 2899 mecum

208 2953 414 3063 recognosce:
432 2948 599 3059 fiquidem
609 2950 649 3031 in
666 2950 739 3031 illis
755 2952 851 3033 nihil
858 2952 990 3035 homino
1006 2955 1152 3063 ingenuo
1170 2954 1213 3035 69²
1231 2950 1359 3032 liberal
1364 2951 1374 2969 '

209 3084 261 3169 od
273 3088 382 3167 etiam
403 3082 566 3192 Theologo
589 3085 773 3194 indignum
791 3088 1007 3197 compereris,
1035 3087 1184 3201 quidest
1209 3088 1298 3199 quod
1325 3086 1369 3169 ἔθ’

209 3237 239 3299 te
254 3222 430 3319 Latiaris,
457 3220 501 3301 lt
517 3250 571 3303 me
587 3221 749 3301 Editoris
764 3220 870 3333 offiu'o
881 3222 1056 3329 fontium
1076 3222 1281 3335 poeniteat?

256 3360 335 3467 Ego
353 3356 490 3467 quidem
507 3357 548 3437 in
564 3356 742 3467 republica
761 3356 930 3440 literaria
946 3358 1060 3443 civem
1073 3384 1125 3437 me
1136 3350 1372 3463 versocrisen-

211 3487 252 3566 tio
268 3488 324 3568 ita
338 3488 549 3585 animatum,
577 3507 617 3569 ut
634 3517 833 3599 quocunque
851 3490 890 3568 in
906 3516 947 3567 re
959 3486 1110 3599 prodeffi’
1128 3515 1180 3568 me
1192 3484 1278 3598 poſje
1294 3484 1375 3565 exi-

203 3618 342 3727 stimem,
370 3620 411 3700 in
439 3649 480 3701 ea
509 3620 658 3703 libenter
687 3638 829 3731 ιριιιιιιι
860 3648 989 3701 omnem
1016 3618 1239 3731 impendam:
1269 3634 1376 3729 atque

212 3751 296 3849 oleo,
324 3754 392 3838 Μ.
418 3754 473 3837 Τ.
500 3758 692 3837 Cicerone
719 3758 801 3868 ocsus
831 3774 968 3852 nutare,
1001 3786 1080 3838 cum
1091 3754 1187 3866 stili,
1226 3757 1294 3867 qui
1322 3754 1378 3835 est

212 3891 374 3997 optimus
388 3888 429 3967 δε
443 3886 766 4001 praestantiffimuo
781 3890 935 3973 dicendi
952 3890 1109 3971 effector
1126 3892 1165 3971 δε
1183 3888 1377 3999 magister,

213 4023 246 4103 in
278 4029 406 4141 genere
435 4024 574 4137 diverso
600 4025 884 4111 exercitationem
909 4028 1123 4109 continenter
1149 4023 1379 4109 adhibendam

207 4163 440 4273 praeeperim,
459 4160 502 4241 id
514 4162 659 4244 interim
676 4161 733 4271 egi
745 4160 866 4273 sedulo
884 4180 926 4245 ut
934 4161 1122 4275 praecptis
1137 4180 1241 4274 atque
1257 4162 1379 4249 cohor-
1441 4209 1445 4240 ι

213 4300 392 4383 rationibus
407 4298 636 4411 exemplorum
653 4328 779 4413 quoque
795 4300 908 4385 lumen
926 4300 1092 4413 quoddam
1109 4298 1312 4399 accederet;
1336 4302 1381 4392 &l

211 4434 348 4545 proinde
371 4454 414 4521 ιιι
427 4435 665 4559 scriptionum
686 4436 828 4548 diverso
853 4437 997 4551 linguis,
1024 4438 1186 4537 dictione,
1213 4457 1393 4548 metroque·

727 4574 777 4657 M
802 4598 830 4656 2
899 4656 906 4669 ,
1161 4572 1385 4686 exemplaria,
1464 4685 1473 4700 ῃ
