3509 5175
254 628 259 637 ⁴
562 487 565 492 ·
636 458 661 599 [
736 466 828 594 185
890 456 926 600 ·]

205 699 232 741 “
244 686 337 774 levis
355 700 398 771 ut
415 628 564 796 negligi
582 681 733 780 debeat,
762 658 893 797 neque
913 712 1005 769 vero
1024 681 1163 765 laboris
1181 700 1265 778 tam
1284 714 1372 773 mo-

202 822 339 917 “lesti,
367 840 424 919 ut,
451 820 558 903 velut
588 844 684 928 opus
714 815 952 901 intradlabile
983 818 1195 927 quoddam,
1225 846 1247 899 a
1273 849 1374 931 quo·

206 955 351 1065 “piam
370 950 500 1035 sedulo
520 952 739 1069 deviteturr
771 952 833 1035 sed
858 952 985 1033 studio
1010 950 1142 1031 nostro
1171 956 1376 1037 materiem
1512 1014 1514 1024 ι

206 1084 347 1165 “haud
367 1086 569 1190 indignam
591 1107 814 1194 proponere,
843 1086 1077 1166 &fructum
1106 1087 1279 1197 aliquem
1312 1089 1375 1170 as·

207 1211 344 1293 “ferre
364 1240 456 1291 cum
477 1212 723 1318 jucunditate
743 1214 1008 1321 conjundlum.
1055 1214 1183 1310 Tum,
1212 1244 1276 1297 me
1308 1218 1375 1297 in-

209 1364 233 1400 “
247 1371 373 1443 tuens,
393 1352 441 1433 ad
457 1354 533 1442 Te,
554 1352 695 1459 inquit,
715 1354 895 1435 omnium
914 1350 1166 1463 ignavissime,
1186 1352 1269 1436 ltaec
1288 1356 1377 1439 nos-

206 1504 232 1541 “
248 1510 303 1571 tra
322 1490 512 1600 praecipue
527 1489 669 1599 spctlat
685 1490 932 1598 provocatio:
961 1488 1064 1570 haud
1085 1508 1188 1569 certe
1207 1516 1281 1598 ego
1295 1491 1372 1586 Te,

209 1638 235 1672 “
249 1625 314 1734 qui
334 1627 375 1703 in
396 1628 441 1705 C.
455 1620 504 1706 C.
519 1623 561 1708 G.
592 1622 729 1703 Graeca
746 1621 901 1732 publice
920 1620 1105 1731 praelegit,
1133 1620 1294 1730 impune
1314 1624 1375 1702 di·

209 1762 416 1852 “mittam,
445 1757 539 1867 quin
575 1757 623 1839 ad
654 1756 810 1866 aliquod
840 1754 914 1836 hac
943 1756 985 1835 in
1015 1772 1122 1865 parte
1153 1779 1249 1864 opus
1275 1782 1375 1867 prae·-

210 1892 425 1974 “standum
447 1892 616 1999 adigam,
644 1918 715 1970 nec
734 1890 781 1970 ab
800 1887 976 1983 honesto,
998 1888 1103 1996 quod
1123 1888 1376 1985 administras,

211 2037 236 2073 “
250 2050 423 2115 munere,
451 2050 575 2130 neque
595 2022 809 2104 studiorum
830 2026 975 2103 ratione
995 2022 1193 2101 alienum:
1234 2042 1274 2101 at
1292 2023 1377 2105 Tui

212 2176 235 2210 “
249 2159 453 2270 aliquando
474 2162 634 2242 sentiant
653 2162 692 2241 in
709 2161 947 2271 Xenophonte
968 2159 1197 2271 explic-ando
1216 2186 1385 2271 operam,

211 2316 236 2351 “
250 2322 286 2380 te
306 2329 384 2381 non
404 2298 540 2381 frustra
560 2299 753 2411 posuisse.”

272 2434 380 2540 Qid
414 2433 571 2515 multa?
615 2431 926 2512 adhortationum
960 2427 1182 2537 hujusmodi
1212 2428 1379 2517 stimulis

214 2566 394 2646 excitatus
416 2595 498 2649 rem
519 2564 638 2676 ipsam
658 2564 880 2676 aggredior:
912 2582 1025 2674 atque
1043 2565 1139 2647 adeo
1154 2562 1237 2648 haec
1252 2558 1380 2648 idatur-

214 2729 307 2812 ςκντος
324 2692 538 2804 praeeunde
556 2701 840 2811 qualiacunque
859 2701 1017 2781 adorno.
1039 2691 1042 2698 ’
1062 2699 1150 2808 Ego
1169 2701 1266 2814 quid
1284 2703 1379 2784 imi-

215 2833 322 2914 tando
348 2831 490 2940 alloqui
510 2834 721 2940 potuerim,
746 2859 861 2941 penes
884 2836 947 2914 Te
967 2831 1152 2941 Tuosque
1179 2833 1382 2942 judicium

215 2967 296 3044 esto·
341 2993 379 3046 Et
406 3000 466 3072 μεν
491 2985 614 3050 uultum
638 3001 697 3062 atara
725 2964 830 3071 αξιως
857 3003 912 3058 της
942 2999 1163 3084 προαιρέσεως
1189 3002 1310 3080 apaten,
1337 2971 1384 3055 ὡς

215 3102 375 3212 ιζκλομην·
402 3138 431 3184 ra
449 3095 483 3182 da
502 3097 687 3219 ardete-epure,
711 3107 754 3190 ὡς
772 3098 936 3212 edurupatu.

263 3243 407 3322 Graecis
425 3240 528 3322 hisce
548 3241 686 3322 Latina
703 3241 879 3350 quaetlam
902 3241 1058 3350 subjeci,
1088 3243 1245 3354 quippe,
1265 3261 1382 3356 prout

216 3371 430 3456 submonuit
449 3373 679 3483 Bibliopola,
701 3371 929 3453 mercrlnonia
957 3373 1075 3454 altinus
1094 3371 1383 3472 indivendibr‘lia

217 3501 582 3585 &adolescentium
609 3504 825 3584 nostrorum
850 3505 983 3614 captui
1009 3505 1378 3603 accommodatiora,

217 3661 368 3744 quaque
385 3634 461 3713 lter
476 3635 709 3716 sussexiense
730 3637 1034 3744 ingredientibus
1050 3635 1264 3724 faciliorem
1283 3641 1379 3724 ster·

219 3786 302 3845 nant
320 3767 434 3850 viam.
476 3767 539 3845 De
565 3767 626 3847 his
652 3797 776 3883 neque
806 3766 904 3847 nihil
932 3796 1057 3878 neque
1086 3771 1209 3850 multa
1226 3771 1381 3884 praefari

218 3895 316 3980 libet.

266 4031 409 4113 Vereor
436 4030 593 4114 interim
624 4061 673 4114 ne
702 4032 767 4112 illa
794 4034 835 4113 in
854 4032 1099 4140 quorundam
1118 4031 1379 4142 reprehensio-

220 4195 302 4252 nem
322 4172 532 4267 incurrant,
560 4171 704 4282 quippe
724 4199 809 4281 quae
828 4171 973 4255 leuiora
991 4173 1029 4252 δε
1046 4172 1174 4255 minus
1189 4171 1382 4264 elaborata

219 4299 419 4399 videantur,
446 4303 529 4385 imo
548 4306 588 4384 dc
607 4305 655 4387 ad
676 4303 900 4414 scriptionis
919 4305 1032 4414 plane
1052 4303 1288 4388 Petroniana?
1305 4305 1380 4392 save

221 4436 429 4526 varietatem
447 4438 522 4530 save
544 4439 819 4550 negligentiam
840 4437 1066 4550 composita.
1096 4437 1263 4518 Forte&
1278 4464 1380 4518 uon-

845 4573 884 4654 A
903 4599 924 4649 a
1283 4568 1384 4654 rt¹lli
