3509 5175
502 494 540 513 ·’
660 438 950 579 [229]

220 667 305 758 Tu,
335 661 484 774 porcini
504 664 631 773 gregis
649 665 863 775 aliquando
877 663 1097 752 moderator
1115 659 1292 756 futurus,⁴
1310 661 1394 744 Err-
1433 715 1436 724 r
1573 663 1579 678 ’

216 800 331 880 melus
350 798 459 891 alter,
476 825 597 906 quem
616 797 815 881 Homerus
834 795 1046 878 honorifice
1065 797 1314 906 appellaverit
1332 787 1396 906 dur
1461 885 1463 894 A

216 931 367 1043 dpopCu,
388 952 431 1012 tu
451 925 663 1012 formarum
684 932 906 1040 hujusmodi
923 931 1112 1041 spedlator
1132 929 1298 1042 elegans,
1326 957 1395 1012 ec-

215 1075 316 1182 quid
334 1075 460 1155 vidisti
481 1101 655 1182 unquam
676 1101 794 1181 porco
807 1071 1017 1183 Suffixierrst
1032 1073 1267 1157 invenustias
1281 1071 1304 1148 i·
1326 1098 1396 1152 ec·

216 1210 316 1315 quid
335 1209 484 1314 turpius
504 1208 847 1317 inhonestiulquel
887 1207 962 1290 rab
979 1207 993 1287 i'
1031 1237 1080 1290 ne
1110 1207 1207 1316 quid
1236 1206 1313 1288 tale
1346 1205 1395 1288 ad

215 1337 328 1420 baras
350 1361 433 1421 tuas
454 1344 735 1450 Grenovri'enses
752 1369 927 1450 unquam
946 1342 1142 1424 devenerit
1161 1339 1170 1420 l

273 1472 350 1551 Sed
370 1474 503 1553 audire
520 1474 649 1554 videor
667 1475 946 1581 interpellantis
966 1501 1103 1558 vocern
1134 1471 1390 1562 mitiffimam,

217 1604 361 1710 “quid
384 1606 436 1685 de
463 1605 587 1686 bobus
617 1608 656 1685 dr
686 1604 843 1716 porcis?
875 1607 976 1714 ¹quid
1008 1608 1055 1688 de
1085 1634 1126 1686 re
1146 1601 1286 1685 odiosa
1312 1611 1394 1683 ta'm

217 1749 247 1791 “
266 1739 407 1830 multrn
435 1740 653 1847 &quidem
674 1738 804 1822 mibi?
838 1743 1080 1850 expedieram
1101 1739 1229 1849 potius
1247 1732 1398 1845 aliquid
1514 1723 1516 1728 ’

218 1868 316 1948 “de
336 1868 508 1953 suminis
526 1871 822 1964 honestioribus,
851 1875 901 1954 de
921 1873 1136 1981 Armigerir
1156 1870 1300 1962 vestris,
1328 1883 1399 1946 aut
1525 1929 1527 1940 ,

219 2001 388 2110 “siquid
408 2005 505 2085 forte
525 2007 720 2086 liberalius
741 2034 830 2088 rura
847 2007 995 2115 uspiam
1015 2004 1301 2088 exhibuerint.''
1314 2043 1370 2067 ··-

276 2124 427 2217 Verum
447 2137 572 2218 heus!
612 2120 817 2223 delicatula
836 2168 938 2232 mea,
969 2140 1050 2222 noli
1071 2159 1114 2220 tu
1133 2159 1200 2218 aut
1218 2162 1289 2216 nor.
1306 2131 1397 2214 hos·

219 2269 320 2378 pites
341 2271 469 2350 minus
489 2274 658 2355 curiosos
677 2293 744 2358 aut
764 2277 962 2384 regionem
990 2274 1092 2356 ha'nc
1117 2272 1398 2381 elegantiarum

220 2404 372 2510 prorsus
392 2403 560 2484 sterilem
579 2404 811 2488 existimare.
856 2407 921 2488 En
946 2405 1030 2500 ribi,
1058 2407 1124 2488 illa
1144 2404 1242 2488 ruris
1260 2402 1399 2484 decora
1516 2449 1518 2456 ›

219 2535 446 2635 invidenda,
475 2541 733 2650 Armigerosl
777 2541 883 2626 baud
911 2542 1019 2638 sane,
1059 2541 1190 2653 quales
1221 2534 1402 2629 foeminei

218 2691 433 2753 conventus
452 2674 558 2754 vestri
575 2679 778 2771 mirantur,
799 2678 999 2759 limiarum
1014 2679 1091 2758 ritu
1111 2694 1266 2757 ornatos
1283 2674 1323 2755 bc
1342 2672 1403 2754 irt-

219 2811 437 2919 eptientes;
473 2834 554 2906 aut,
582 2816 715 2923 quales
733 2835 776 2895 tu
797 2814 869 2895 tibi
887 2814 1018 2925 tingis,
1047 2816 1197 2897 literato
1217 2812 1401 2893 florenter

217 2949 319 3036 otio,
334 2948 506 3059 jurisque
524 2971 609 3032 tuni
628 2954 752 3034 civilis
769 2974 857 3035 tum
876 2954 997 3035 divini
1013 2952 1193 3035 studiosos
1208 2982 1221 3042 ς
1252 2947 1317 3029 sed
1335 2946 1400 3023 in·

217 3086 347 3166 cultos
378 3086 655 3199 fimplicesque,
685 3088 988 3201 patriarcharum
1024 3092 1101 3171 ritu
1131 3090 1171 3169 in
1187 3172 1191 3185 ,
1207 3081 1400 3166 Bucolicis

218 3236 341 3325 atque
362 3217 567 3328 Georgicis
590 3224 706 3303 unice
731 3222 909 3316 versatos,
939 3223 1111 3303 moribus
1141 3218 1181 3299 bc
1205 3214 1405 3303 institutis,

218 3354 383 3461 perinde
404 3382 452 3435 ao
466 3358 661 3467 operibus,
692 3359 880 3462 rusticos3
911 3378 995 3440 tum
1018 3356 1228 3467 disciplina
1247 3346 1401 3439 Acade-

218 3486 387 3582 denica,
410 3473 416 3481 ⁹
436 3508 524 3572 tum
562 3494 831 3575 urbanitatem
873 3492 1084 3575 vestrarum
1122 3484 1405 3591 Lonal'nensturae

218 3622 374 3733 prorsus
393 3626 517 3706 rudes.
558 3623 682 3711 Videt
701 3630 798 3711 adeo
818 3628 988 3718 melioria
1008 3646 1107 3709 notae
1123 3600 1312 3735 agricolas*
1327 3622 1406 3703 Ar·

220 3764 464 3873 migerorum
486 3766 574 3846 loco
591 3762 741 3849 baberi.
768 3767 827 3849 Hi
847 3788 982 3849 tamen
999 3759 1408 3874 gentilitiorjadlit'ant

218 3895 406 3989 honoret,
434 3898 488 3991 br,
518 3916 707 4009 tanquam
733 3898 836 3980 inter
864 3892 1018 3979 arbusta
1036 3896 1227 4004 Qercus‚
1257 3888 1408 3997 agreste

219 4028 363 4137 vulgat
389 4028 634 4138 despiciuntr
670 4029 823 4109 mireris
850 4027 1063 4111 hominum
1084 4029 1320 4137 dignitatem
1340 4022 1406 4103 in·
1532 4030 1536 4045 '

220 4166 407 4248 decoram
436 4165 477 4244 br
502 4164 719 4275 superbiam
746 4164 861 4273 plane
889 4162 1123 4243 ridiculam:
1163 4184 1289 4269 neque
1314 4153 1405 4237 sane

220 4304 357 4387 minus
386 4305 586 4387 miraberis
615 4303 830 4384 eorundem
857 4301 1173 4412 compotantium
1200 4284 1408 4381 humilita-

219 4460 323 4539 tem,
349 4442 404 4539 dt,
430 4443 573 4565 popina
600 4438 662 4525 vel
689 4440 818 4523 culina
843 4438 1066 4551 plaudente,
1094 4437 1242 4548 ingenii
1272 4434 1405 4531 dorni·

1283 4559 1409 4643 nantis
1509 4564 1513 4573 '
