3509 5175
799 437 823 577 [
892 469 991 568 322
1035 438 1088 577 ]

354 708 475 790 Hunc
491 701 588 786 vidit
606 695 703 777 oiim
721 691 884 799 Smyrna
899 689 1117 771 reconditas

293 907 297 911 ·
357 818 621 965 Antiquitates
643 872 813 958 quarere
830 841 1029 926 sedulum:

410 1015 533 1122 Sigeia
553 1029 632 1089 tam
651 1002 752 1082 doni
769 998 911 1080 laboris
1019 1076 1026 1087 ,

465 1167 596 1274 Usque
615 1177 748 1268 gerent
768 1172 1024 1236 monumenta
1043 1152 1207 1237 famam.

356 1352 430 1428 Seu
450 1367 516 1452 per
533 1335 708 1415 locorum
728 1326 838 1406 devia
856 1323 1006 1403 sedulus

354 1508 505 1593 Erravit
522 1498 671 1608 hospes,
701 1492 853 1572 noscere
871 1489 1032 1573 callidus

408 1671 665 1782 Qascunque
684 1659 815 1768 Phryx
834 1657 927 1738 hinc
946 1656 1037 1736 inde
1055 1606 1206 1765 plantas
1283 1714 1288 1723 .

465 1843 550 1923 Sole
569 1839 674 1920 videt
694 1834 855 1915 meliore
875 1849 982 1910 natas
992 1865 1006 1922 3

355 2007 430 2088 Vel
450 2019 547 2112 quot
566 2024 634 2109 per
653 2017 762 2102 agros
782 1985 858 2068 late
878 1986 1063 2067 Afiaticos
1195 2017 1199 2022 ¹

356 2162 578 2249 Nascuntur
597 2147 727 2230 herbae
746 2179 759 2238 3
789 2140 948 2243 floribus
968 2138 1085 2220 esuis

412 2313 485 2425 Ipsi
505 2301 755 2389 invidendam
775 2292 1042 2377 Tourneforto

470 2472 659 2587 Imposuit
678 2467 796 2576 capiti
815 2490 1017 2555 coronam,

359 2654 517 2731 Donate
536 2637 692 2752 praesens
713 2632 773 2711 vel
794 2629 973 2711 brevibus
994 2627 1083 2708 tofis

359 2806 494 2883 Vitam
515 2819 723 2907 perennem
735 2824 747 2879 3
778 2784 897 2865 ficcus
917 2783 984 2863 ubi
1003 2782 1102 2861 viret

278 2956 281 2962 ¹
356 2920 358 2923 Ι
415 2961 471 3038 Et
490 2952 599 3031 floret
618 2946 766 3033 hortus,
789 2938 872 3045 jam
893 2963 964 3015 nee
984 2934 1142 3029 imbres,

476 3114 564 3195 Nec
584 3072 761 3226 metuens
779 3102 940 3209 hyemes
960 3099 1126 3209 iniquas.

361 3286 478 3370 'Felix
498 3277 674 3359 Alumno
696 3268 764 3349 tali
784 3262 1020 3345 Academia!

261 3439 264 3446 ²
366 3444 476 3529 Felix
494 3430 686 3518 Patrono!
718 3428 768 3507 fic
789 3426 885 3508 Afiae
905 3446 990 3507 tuos
1098 3505 1102 3509 ,
1215 3455 1220 3465 ·

423 3600 584 3682 Florent
605 3594 645 3671 in
667 3588 753 3669 usus
772 3583 891 3677 horti,
919 3587 959 3665 δι
978 3614 1114 3671 omnes

482 3745 623 3825 Omnis
645 3740 712 3820 alit
733 3736 806 3818 tibi
825 3756 925 3817 terra
942 3739 1102 3847 plantas.
1126 3824 1129 3833 ,

307 4012 313 4021 ,
374 3906 486 4037 Qn
508 3924 576 4001 Tu
599 3914 762 3998 viciffim
780 3941 917 4024 prome
938 3915 1149 4000 reconditas

375 4088 548 4197 Benigna
566 4106 680 4191 gazas
692 4113 706 4171 3
737 4078 790 4157 est
808 4078 961 4165 animus
981 4077 1057 4159 tibi

432 4209 805 4345 Contemptofauri,
834 4238 1084 4348 publicorum

487 4394 540 4478 Et
559 4394 746 4477 decorum
765 4394 951 4507 pretiosus
969 4365 1136 4507 emptor.
