3509 5175
619 393 644 535 [
721 402 827 527 Ῑ67.
884 398 909 538 ]

194 622 243 706 cis
265 619 435 707 maxime
450 618 741 735 respondentia,
771 622 884 705 fimul
904 622 1184 721 adducerentur
1195 667 1208 728 3
1240 628 1358 714 itaut

195 756 481 850 Particularum,
489 756 795 852 idiotismorum,
803 756 1008 867 Ellipfium
1019 760 1245 847 nostratium
1259 766 1368 868 mira]

193 922 276 983 cum
290 894 443 988 Graecis
457 898 725 997 conuenientia
741 916 858 1007 atque
874 898 1243 1019 cognatiovperspici,
1263 906 1366 1003 ade·v

192 1058 285 1140 oque
303 1060 328 1112 e
345 1033 486 1140 linguae
503 1033 657 1117 alterius
676 1034 938 1135 intellectione
958 1038 1005 1116 ad
1025 1038 1184 1127 alteram
1206 1043 1267 1121 via
1294 1040 1357 1123 fa.

193 1166 454 1277 cilioraperiri
470 1169 593 1278 poffit.
641 1169 884 1251 Institutione
904 1169 1122 1277 hujusmodi
1141 1174 1239 1259 nibil
1253 1196 1358 1259 certe

193 1303 234 1383 ad
251 1304 473 1387 docendum
487 1308 612 1415 aptius
624 1308 832 1416 excogitari
846 1308 981 1415 potest,
1000 1336 1091 1391 cum
1101 1336 1129 1391 'a
1142 1314 1357 1401 notioribus

194 1436 303 1546 usque
321 1439 371 1519 ad
388 1441 518 1529 miuus
536 1454 628 1519 nota
643 1438 709 1518 fiat
727 1426 943 1545 progreffio,
963 1438 1098 1517 certior
1117 1440 1276 1547 quidem
1290 1442 1359 1524 illa

192 1570 227 1649 ds
254 1569 496 1681 auspicatior,
525 1572 565 1651 uc
590 1569 674 1651 haec
691 1570 764 1649 five
785 1588 948 1674 cognata
967 1569 1039 1648 five
1059 1572 1231 1679 oppofita
1247 1576 1299 1655 ita
1318 1577 1358 1655 se

192 1702 356 1785 invicem
375 1704 577 1799 illustrent,
606 1724 649 1784 ut
668 1704 742 1783 tiro
760 1692 898 1795 noster,
917 1728 1002 1811 quae
1021 1703 1060 1783 in
1078 1706 1281 1811 vernacula
1294 1708 1356 1788 fa-

193 1830 388 1911 miliariter
403 1827 582 1911 adhibere
601 1827 847 1922 consueverit,
866 1827 1002 1908 eadem
1017 1828 1056 1905 in
1075 1828 1214 1909 Graecis
1226 1830 1357 1911 minus

192 1968 355 2049 difficilia
370 1968 600 2078 experiatur.
639 1964 742 2045 Illud
760 1982 862 2047 certe
879 1964 1020 2051 scitum
1038 1962 1092 2045 est
1107 1968 1357 2087 Anglicanam

192 2096 284 2177 hanc
293 2092 670 2199 nostramadlinguae
678 2087 999 2171 Graecaeindolem
1007 2091 1164 2200 propius
1175 2090 1356 2173 accedere

193 2258 304 2339 quam
325 2230 519 2322 Latinam,
543 2229 582 2308 uc
599 2224 777 2335 exempla
793 2224 955 2333 quidem
974 2222 1049 2303 hac
1065 2224 1105 2303 in
1126 2247 1233 2334 parte
1260 2229 1357 2308 adeo
1406 2312 1409 2323 ,
1489 2254 1491 2257 ·
1577 2298 1579 2359 l

192 2395 262 2448 non
293 2366 432 2459 deeffe,
463 2386 507 2447 ut
522 2358 652 2444 'etiam
670 2362 763 2471 saepe
781 2361 892 2441 aliud
906 2361 1179 2441 meditantibus
1200 2364 1299 2443 ultro
1319 2366 1356 2445 se

191 2508 386 2616 ingerant:
415 2507 455 2588 dc
472 2523 575 2583 certe
592 2500 726 2581 eadem
746 2498 855 2577 nobis
875 2500 984 2579 omni
1003 2499 1149 2608 ingenii
1164 2502 1242 2579 acie
1257 2529 1354 2582 con-

191 2640 461 2750 templantibus
489 2655 603 2745 atque
633 2634 762 2716 sedulo
790 2621 1078 2741 exquirentibus
1107 2629 1213 2714 haud
1236 2636 1356 2718 invita

190 2792 398 2860 occurrunt·

239 2916 348 3026 Qd
363 2941 454 2996 vero
466 2911 522 2994 est
535 2912 641 3021 quod
654 2908 833 2990 homiues
847 2906 966 2988 etiam
980 2901 1218 3024 ugrrruururxe
1230 2913 1354 3021 pude.

191 3072 226 3133 at
252 3081 312 3150 ea,
339 3075 425 3160 quae
454 3050 502 3132 ad
530 3047 641 3128 usum
670 3071 924 3126 communem
947 3046 1153 3156 pertinent,
1181 3048 1355 3128 sermone

191 3190 389 3271 communi
404 3189 445 3268 dc
463 3183 638 3295 populari
656 3180 804 3276 efferre,
825 3208 917 3262 cum
935 3181 1001 3286 ille
1024 3179 1164 3262 Noster
1180 3180 1353 3290 philoso-

191 3311 320 3420 phiam
350 3329 440 3392 tum
466 3306 637 3390 Graecam
666 3324 750 3387 tum
775 3306 957 3386 Latinam
984 3301 1089 3381 baud
1108 3303 1355 3384 incommode

191 3452 360 3560 recipiat,
389 3449 472 3528 imo
501 3446 707 3556 aliquando
737 3444 855 3524 etiam
887 3439 1164 3530 &auctiorem
1195 3423 1355 3522 redonet

191 3581 360 3664 ubertate
373 3578 646 3689 locupletatam
659 3576 741 3656 sua?
754 3575 807 3652 Et
817 3572 1067 3683 scriptionum
1081 3570 1240 3678 quidem
1256 3570 1355 3680 ejus·

192 3717 294 3798 modi
320 3716 435 3798 video
460 3741 586 3824 neque
613 3709 793 3819 exempla
811 3706 931 3794 deesse
949 3731 1074 3812 neque
1092 3704 1353 3787 incitamenta.

191 3854 244 3936 Ut
259 3853 364 3938 enim
382 3854 433 3936 de
449 3853 597 3936 caeteris
614 3871 777 3941 taceam,
803 3846 900 3956 quid
929 3843 1126 3926 novissime
1148 3845 1185 3950 †
1201 3843 1356 3924 Hermes

192 3992 325 4087 noster,
353 3992 424 4101 qui
453 3990 560 4102 quod
585 3986 691 4066 Galli
714 3984 889 4095 plerique
905 3980 1072 4064 celebres
1089 3980 1129 4058 in
1149 3977 1354 4058 vernacula

193 4125 263 4220 sua,
288 4123 332 4206 id
361 4122 488 4236 ipsum
505 4123 545 4200 in
564 4117 777 4227 Anglicana
792 4113 930 4206 nostra,
958 4110 1040 4220 pari
1059 4134 1150 4188 cum
1169 4103 1351 4223 augadaur-

440 4347 460 4415 †
479 4342 597 4411 Hermes,
615 4340 656 4418 by
669 4338 762 4417 James
781 4334 879 4395 Harrr's
900 4330 974 4411 Esq3
1001 4345 1085 4410 ¹75¹·
