3509 5175
833 412 1054 554 [4]

408 630 522 715 Nihil
544 652 648 717 certe
672 638 924 748 magnificum
951 656 1016 720 aut
1044 637 1267 719 admirabile
1295 636 1525 721 Lesloribua

352 764 524 873 polliceri
544 768 693 851 videtur
709 770 834 880 prima
858 774 1013 890 pag-ina,¹
1029 772 1297 881 †-'-·.Verum
1325 773 1394 883 qui
1418 774 1523 855 iuvi-

353 897 459 1003 diam
474 927 551 979 non
561 922 707 998 movet,
722 906 851 985 minus
867 925 1050 1015 provocat
1062 905 1281 985 censuram:
1300 907 1369 1011 ubi
1383 931 1526 1015 magna

353 1032 572 1149 expectatio
591 1065 668 1116 non
688 1039 1068 1153 concitamentum
1087 1036 1375 1153 fallitur‚fidtq{
1399 1051 1522 1153 appol·

353 1181 467 1241 netur
480 1184 585 1244 certo
598 1168 705 1247 lucro
719 1170 906 1277 quicquid
920 1152 1052 1275 praeter
1065 1168 1168 1277 spem
1183 1166 1303 1247 laudis
1319 1163 1533 1247 accesserit?

407 1296 538 1375 Sentio
567 1327 685 1407 quam
717 1302 872 1381 difficile
903 1304 948 1379 fit
977 1302 1160 1408 cuiquam
1185 1302 1234 1379 dc
1253 1301 1288 1380 se
1307 1299 1423 1379 suisve
1443 1325 1522 1379 non

353 1449 574 1535 arroganter
600 1434 725 1512 dicere
740 1471 752 1526 ;
791 1456 829 1514 at
856 1456 958 1533 cprte
984 1412 1522 1513 licebit·stne·³invidia'illam

353 1559 633 1644 institutionem
653 1566 936 1647 saluberrimam
960 1568 1180 1683 praedicarc,
1209 1595 1295 1675 quae
1317 1566 1448 1667 efficit,
1477 1580 1522 1669 pt

353 1692 651 1777 adolescentibus
672 1699 740 1777 otii
760 1700 872 1807 ipsrus
889 1688 985 1788 ralio
1000 1700 1128 1805 aliqua
1141 1680 1300 1791 constet,
1320 1698 1523 1776 &vacatio
1601 1697 1602 1790 ζ

353 1826 586 1909 Academica
600 1830 693 1909 adeo
706 1858 780 1908 non
799 1830 842 1907 srt
856 1829 1102 1919 infrudtuosa,
1114 1828 1292 1906 omnium
1308 1826 1522 1905 studiorum

352 1965 504 2070 penitus
524 1994 653 2063 vacua,
674 1988 716 2051 ut
736 1968 883 2075 semper
896 1969 1033 2051 laboris
1046 1966 1241 2073 cujusdam
1256 1966 1405 2075 ¹poetici
1423 1992 1524 2047 onus

353 2102 549 2206 quoddam
563 2103 695 2183 secum
716 2102 791 2185 una
816 2104 941 2185 trahat
968 2104 1250 2209 conjuudtuma
1281 2120 1397 2211 atquc
1426 2104 1523 2183 adeo

351 2233 430 2315 hoc
446 2237 581 2344 ipsum,
603 2240 790 2347 quicquid
809 2239 862 2318 est
882 2239 1065 2349 opusculi,
1080 2238 1183 2318 horis
1197 2236 1416 2343 hujusmodi
1429 2238 1522 2318 sub·

351 2369 482 2447 secivis
502 2388 638 2448 natum
660 2370 873 2479 protulerit.

407 2500 571 2608 Collegii
590 2502 791 2608 Praesidem
810 2500 989 2579 emeritus
1005 2500 1133 2578 Tutor
1148 2500 1215 2578 tali
1236 2520 1273 2581 tc
1294 2499 1411 2629 qonat
1427 2527 1520 2584 mu-

352 2662 456 2728 nere,
485 2636 598 2745 quale
626 2635 746 2743 posset
767 2663 843 2714 non
865 2654 946 2714 tam
963 2633 1101 2742 privati
1122 2634 1315 2740 cujusdam
1335 2636 1520 2744 obsequii,

352 2770 471 2884 quam
489 2772 640 2851 solenne
668 2771 865 2882 quoddam
891 2772 1112 2882 exemplum
1140 2769 1360 2880 Disciplina
1387 2773 1523 2856 nostrae

350 2911 568 2990 communis
588 2908 785 3005 exhibere,
806 2909 914 3016 cujus
929 2909 1075 2990 samam
1094 2911 1204 2989 omni
1223 2909 1337 3010 laude
1353 2930 1420 2990 tua
1438 2913 1522 3020 pri·

349 3057 439 3120 vata
456 3039 648 3149 potiorem
668 3037 817 3150 semper
834 3039 987 3119 duxisti.
1012 3105 1017 3114 .

403 3171 520 3277 Juvat
533 3171 941 3254 Vico-cancellariatus
962 3174 1018 3251 tui
1037 3173 1269 3252 memoriam
1290 3199 1464 3252 revocare
1482 3171 1529 3279 &0

349 3305 391 3385 in
410 3305 513 3386 illius
532 3305 691 3387 decursu
710 3307 858 3386 labores
878 3326 964 3385 tuos
992 3303 1274 3386 honestissrmos
1303 3300 1521 3412 praedicare,

348 3443 390 3524 in
405 3441 560 3552 pristina
574 3441 795 3522 Academiae
809 3442 1008 3551 disciplina
1021 3441 1224 3536 afferenda,
1239 3442 1292 3533 dc,
1307 3467 1398 3519 cum
1411 3439 1528 3548 Praeli

349 3579 576 3692 Oxoniensrs
596 3574 714 3673 sarna,
744 3580 952 3659 Editorum
981 3605 1136 3687 quoque
1164 3572 1347 3654 industria
1372 3571 1529 3678 refirsci7

347 3710 480 3802 tanda,
507 3709 612 3790 haud
625 3701 836 3791 infeliciter
862 3711 1037 3790 versatos.
1087 3709 1221 3816 Atque
1249 3704 1330 3786 haec
1360 3704 1529 3816 quidem,¹

348 3841 396 3926 ed
410 3833 593 3926 libentius
609 3874 888 3938 commemoro,
908 3873 1000 3926 cum
1015 3843 1263 3951 cognoverim
1275 3840 1344 3921 illo
1360 3861 1398 3921 te
1417 3861 1522 3921 tem·

346 4011 443 4095 pore
457 3982 618 4064 extitisse
634 4003 807 4064 autorem
818 3987 932 4075 Tuis,
946 4003 990 4062 ut
1005 3980 1187 4062 auderent
1202 3966 1407 4088 aliquando
1422 3979 1525 4060 ultra

360 4210 366 4220 ·
388 4179 409 4245 †
429 4174 507 4233 Sciat
521 4173 624 4234 Lector
637 4174 785 4236 Verfiotrer
799 4174 982 4252 insequentes
1003 4171 1113 4232 desumi
1136 4189 1173 4230 cx
1185 4171 1310 4234 netem
1324 4169 1522 4232 Exercitatio-

348 4275 419 4315 mun
437 4255 628 4326 Poeticarum,
654 4276 719 4335 quae
741 4276 793 4334 pro
818 4253 990 4332 Disciplinac
1007 4252 1132 4312 solennis
1151 4253 1262 4312 ratione
1280 4250 1522 4310 Adolescentibua

347 4337 385 4396 C.
395 4335 476 4396 C.C.
490 4335 588 4398 Oxou.
601 4336 695 4413 longae
707 4335 875 4399 Vacationia
885 4350 1014 4413 tempore
1024 4333 1234 4413 praecipiuntur
1244 4331 1445 4394 elaboranda:
1467 4332 1523 4412 qui

346 4418 457 4495 prodiit
470 4417 605 4488 oxonia,
631 4416 719 4496 1736.

1379 4491 1521 4575 nidum
