3509 5175
851 412 1143 555 [184]

421 647 670 754 Greenaruay,
698 642 771 721 viri
790 641 1103 735 desideratissimi,
1133 666 1212 750 quo
1231 668 1304 751 ego
1332 642 1476 751 semper
1501 645 1564 725 usur

420 778 506 859 sum
536 778 780 871 (amicissimo,
815 780 855 857 ὅσ
887 778 1100 859 studiorum
1130 779 1406 859 communium
1435 781 1566 859 duce&

423 911 609 1029 adjutore.
658 913 794 991 Redeo
825 912 938 1005 simul
969 912 1009 991 in
1038 911 1222 1020 colloquii
1250 913 1386 991 veteris
1417 914 1564 993 recorda·

422 1049 588 1142 tionem,
622 1051 663 1128 in
692 1078 771 1159 quo
799 1052 992 1159 permulta
1018 1051 1066 1131 ab
1096 1050 1164 1131 illo
1192 1050 1241 1129 de
1262 1052 1463 1131 literarum
1481 1052 1564 1129 Gra·

182 1206 183 1218 *
285 1260 290 1265 .
422 1215 550 1305 aarum
564 1188 866 1271 institutionibus
881 1193 1035 1299 egregie
1053 1192 1242 1301 disputata
1258 1220 1493 1302 acceperam.
1519 1194 1565 1270 lllr

423 1325 531 1420 ade0,
560 1355 667 1420 cum,
701 1357 771 1437 pro
802 1359 909 1411 more
941 1331 1006 1409 suo
1035 1330 1203 1410 animose
1238 1350 1352 1437 atque
1387 1330 1565 1439 magnifice

360 1545 366 1558 ,
415 1464 687 1575 declamitans,
703 1496 782 1548 non
793 1470 870 1547 sine
887 1470 1014 1578 aliqua
1029 1488 1113 1550 tuni
1128 1468 1360 1549 discentium
1372 1490 1461 1549 tuin
1476 1470 1565 1548 etian

404 1602 647 1694 docentium
675 1580 961 1713 reprehensione
990 1606 1231 1715 interposita,
1260 1607 1460 1686 literarum
1483 1610 1565 1685 Gra-

422 1762 555 1843 carum
577 1735 699 1814 studia
728 1754 793 1817 aut
817 1738 964 1845 negligi
989 1738 1135 1846 prorsus
1168 1757 1235 1819 aut
1265 1739 1366 1818 male
1397 1740 1564 1845 corrumpi

424 1886 661 1973 quereretur,
691 1869 845 1976 ejusque
874 1872 929 1949 rei
961 1870 1088 1949 causas
1108 1872 1237 1981 paulo
1268 1872 1380 1951 altius
1415 1871 1565 1979 repetitu

425 2002 678 2108 investigaret,
697 2002 737 2078 id
756 2001 896 2080 scilicet
916 2002 1105 2110 praecipue
1125 2028 1276 2094 cavens,
1296 2002 1443 2109 nequid
1463 1998 1565 2077 damni

424 2159 489 2243 aut
514 2139 714 2218 ‚dedecoris
743 2158 893 2245 caperet
919 2139 1131 2245 respublica
1149 2140 1344 2230 literaria3
1383 2124 1425 2215 in
1456 2165 1499 2215 eo
1520 2136 1565 2211 dr·

423 2297 536 2352 muni
554 2269 759 2379 permansit
779 2288 821 2348 ut
839 2270 1067 2360 ostenderet,
1088 2285 1115 2318 “
1131 2270 1225 2349 Non
1247 2270 1405 2350 subsidia
1428 2270 1475 2347 ad
1495 2266 1565 2345 hanc

426 2420 553 2484 “rem
581 2405 732 2495 idonea,
761 2403 823 2480 sed
851 2431 920 2481 nos
941 2404 1037 2512 ipsos
1066 2404 1175 2485 nobis
1203 2404 1335 2497 deesse,
1364 2404 1432 2482 sed
1462 2402 1564 2510 praci-

383 2556 387 2564 ’
425 2554 453 2588 “
469 2566 593 2648 puum
614 2536 1031 2646 quiddam'desiderari,
1059 2538 1100 2616 in
1119 2522 1198 2646 quo
1217 2558 1350 2617 caetera
1363 2535 1445 2616 sere
1465 2533 1565 2614 omnir

424 2689 453 2725 “
468 2674 727 2776 continentur,
751 2697 892 2777 nempe
906 2697 993 2749 eam
1011 2669 1145 2780 ipsam,
1167 2697 1286 2778 quam
1302 2671 1410 2774 supra
1426 2670 1564 2774 descrip-

424 2826 454 2861 ⁴‘
467 2808 595 2894 simus,
625 2801 707 2908 styli
727 2801 1071 2880 exercitationem:
1114 2802 1180 2880 nisi
1201 2803 1306 2880 enim
1327 2797 1564 2910 haecuaccese·

424 2954 454 2991 “
469 2941 534 3032 rit,
549 2915 690 3020 ,sminus
711 2933 862 3012 firmam
883 2933 954 3012 esse
972 2959 1100 3012 rerum
1121 2936 1403 3042 verborumque
1425 2965 1561 3044 percep·

425 3085 451 3119 “
467 3071 642 3157 tionem3
672 3087 787 3172 atque
813 3065 907 3172 adeo
934 3064 1061 3143 minus
1080 3064 1201 3147 valere
1220 3067 1432 3174 &legendi
1452 3068 1564 3148 seduli·

424 3223 451 3256 “
468 3179 602 3298 tatem,
638 3203 676 3279 δι
706 3202 1062 3279 Grammaticorum
1097 3222 1300 3311 praecepta,
1334 3205 1372 3282 δε
1402 3204 1564 3314 quicquid

422 3346 629 3426 “demum
648 3341 860 3446 adjumenti
878 3341 1076 3418 attulerint
1094 3343 1133 3418 δε
1147 3340 1433 3451 Lexicographi
1453 3347 1491 3424 δε
1508 3369 1564 3420 ver·

423 3496 449 3530 “
466 3483 585 3560 siones
602 3478 780 3566 Latinae5
809 3475 970 3582 proinde
993 3472 1066 3553 hac
1092 3476 1332 3584 potislimum
1349 3479 1389 3556 in
1408 3499 1512 3586 parte
1527 3479 1564 3554 li·

424 3631 452 3666 “
468 3616 601 3702 boreni
622 3614 731 3691 nobis
750 3610 822 3688 esse
841 3609 1160 3716 impendendum,
1182 3611 1371 3720 siquidem
1391 3631 1459 3691 aut
1476 3610 1564 3692 Lati·

424 3765 452 3801 “
467 3749 596 3854 niffimi
616 3767 681 3825 aut
699 3738 912 3831 Ar'lirtuirorroi
932 3745 1004 3824 effe
1024 3743 1221 3824 velimus.'’

478 3887 579 3990 Qrae
597 3911 688 3962 cuni
710 3882 828 3960 essent
847 3882 895 3960 ab
916 3909 962 3960 eo
981 3882 1196 3962 constanter
1217 3884 1330 3974 dista,
1359 3911 1485 3992 neque
1509 3881 1563 3960 dis·

420 4019 559 4100 sentire
578 4013 783 4122 quisquam
802 4013 1007 4104 videretur,
1030 4033 1116 4093 tuni
1135 4013 1213 4105 ille,
1234 4013 1376 4120 “Qin
1395 4041 1485 4122 ergo
1496 4009 1563 4090 Ves-

424 4168 452 4202 ‘⁶
467 4147 568 4230 tisim
599 4147 751 4254 aliquis,
786 4148 890 4253 quod
919 4147 1112 4256 discipulis
1139 4148 1441 4256 praecipiendum
1468 4161 1563 4255 putat,

424 4283 505 4364 “id
536 4282 659 4390 ipsum
691 4279 927 4385 experiundo
958 4280 1159 4372 ostendat3
1201 4297 1244 4358 ut
1272 4279 1437 4388 intelligi
1462 4274 1563 4384 poffin

422 4432 547 4500 “rem
565 4417 686 4509 illam,
715 4416 764 4494 de
794 4443 871 4526 qua
900 4413 1042 4524 agitur,
1072 4437 1151 4494 non
1181 4409 1254 4493 esse
1284 4411 1475 4496 momenti
1504 4429 1563 4488 tani

1449 4557 1476 4596 ‘⁶
1493 4538 1563 4621 levit
