3509 5175
672 423 699 566 l
771 461 870 561 307
943 423 998 612 ist

211 653 377 740 tionem
389 649 494 734 hanc
507 646 754 760 justiffimam
767 653 1000 765 recognosco
1015 653 1269 766 praedicoque,
1289 683 1405 741 nem·

214 822 275 907 pe
293 796 337 876 in
357 793 638 904 Republica&
667 793 837 876 Ecclesia
865 797 985 877 talem
1011 815 1245 910 tantumque
1273 804 1404 884 virum

218 927 440 1038 aliquando
461 922 640 1021 extitisse,
669 927 869 1040 utriusque
894 927 1081 1039 singulare
1106 935 1222 1017 decus
1247 937 1286 1016 dc
1306 964 1406 1047 prae·

218 1061 382 1146 fidium.

283 1193 488 1305 Equidem
505 1189 638 1274 de'me
655 1191 841 1300 cogitant,
871 1194 1024 1304 quoties
1053 1197 1184 1278 recolo
1210 1196 1321 1279 fuisse
1340 1167 1407 1279 nie

221 1326 478 1421 Amicorum,
503 1328 544 1407 dc
562 1353 722 1437 quoque
738 1325 1003 1425 familiarium,
1042 1333 1123 1440 ejus
1153 1359 1319 1414 numero
1337 1334 1408 1414 ad·

222 1463 429 1574 scriptum,
458 1464 570 1544 toties
591 1462 632 1544 id
652 1464 780 1573 ipsum
798 1465 926 1558 video,
947 1466 1056 1576 quod
1075 1467 1174 1548 mihi
1196 1468 1350 1549 summo
1367 1469 1409 1547 dc

223 1597 371 1679 honori
387 1596 514 1679 fuerat
530 1599 571 1678 dc
589 1596 778 1679 felicitati.
828 1602 884 1678 Et
903 1599 1008 1680 hunc
1027 1600 1160 1680 saitem
1180 1599 1408 1709 longaevita-
1463 1633 1466 1637 ·

225 1737 281 1818 tis
299 1761 396 1816 mcae
415 1733 589 1817 studium
609 1735 708 1844 cepi,
737 1736 844 1845 quod
871 1735 1054 1846 superstes
1085 1735 1214 1818 adhuc
1238 1739 1278 1820 dc
1298 1738 1410 1817 inco-

224 1866 348 1948 lumis
361 1865 446 1976 jam
464 1865 570 1975 quasa
589 1866 629 1944 in
651 1865 786 1946 funere
800 1868 854 1947 ad
874 1871 1074 1950 tumulum
1092 1868 1292 1952 Laudatur
1315 1897 1409 1979 pro-

228 1997 363 2095 deam,
392 1997 500 2079 idem
516 2023 592 2120 ¹ego
610 1998 680 2106 qui
706 1996 901 2079 adfuerim
930 2001 971 2080 in
1002 2000 1122 2110 longo
1140 2001 1228 2081 vitae
1249 2002 1409 2083 decursu
1461 2102 1465 2110 .
1588 2050 1589 2063 ι

227 2164 302 2248 per
321 2155 381 2220 tot
397 2162 518 2218 annos
532 2137 725 2218 virtutum
740 2136 842 2217 testis
856 2137 896 2218 dc
911 2138 1149 2220 admirator:
1180 2158 1297 2249 atque
1312 2140 1409 2221 adeo

227 2278 312 2362 hoc
336 2276 506 2359 nomine
534 2293 644 2380 λογων
671 2271 847 2381 soloecon
875 2276 1016 2359 editori
1041 2305 1108 2358 me
1141 2279 1266 2372 trado,
1304 2279 1410 2360 inter

228 2421 435 2528 scriptores
454 2416 539 2500 suos
558 2417 831 2526 corrigendum
851 2435 970 2528 atque
990 2419 1294 2500 emendandum.

290 2557 490 2643 Postremo
508 2558 754 2667 Reipublicae
774 2556 886 2641 causa
904 2559 1034 2669 cupio,
1064 2575 1108 2639 ut
1137 2557 1265 2667 vigeat
1290 2557 1409 2665 usque
1457 2659 1462 2673 ὓ

229 2704 275 2783 dc
293 2698 510 2781 celebretur
527 2696 715 2779 honorata
735 2698 905 2807 exempli
924 2724 1006 2779 tam
1023 2696 1226 2779 laudabilis
1253 2720 1411 2775 memo·

229 2836 305 2929 ria,
335 2832 494 2945 posteris
523 2834 644 2915 etiam
673 2832 888 2943 profutura.
942 2834 1032 2942 Ego
1062 2832 1227 2942 quidem
1258 2827 1332 2908 hac
1365 2830 1410 2907 in

230 2969 362 3065 causa,
391 2968 497 3078 quod
514 2967 636 3077 potui,
656 2968 787 3049 sedulo
806 2967 918 3049 effeci
935 3003 947 3061 ς
978 2986 1094 3077 atque
1112 2965 1208 3046 adeo
1227 2960 1305 3042 hoc
1322 2980 1410 3043 tum

230 3109 394 3221 privatae
411 3107 564 3217 pietatis
582 3108 621 3186 dt
641 3108 834 3199 amicitiae,
864 3127 950 3188 tum
968 3110 1089 3188 etiam
1109 3102 1275 3213 publicae
1293 3126 1411 3180 vene·

231 3248 396 3331 rationis
415 3248 455 3327 bc
473 3245 733 3341 observantia,
763 3246 1032 3327 testimonium
1062 3242 1231 3325 libenter
1259 3235 1412 3346 config-

232 3386 341 3467 navi.
390 3384 510 3489 Qtod
542 3382 717 3491 superest,
751 3384 906 3463 veniam
936 3382 1045 3461 dabis
1075 3376 1283 3458 ambitioni
1312 3376 1409 3452 mese
1536 3457 1547 3479 s

235 3524 363 3635 (vanae
382 3521 520 3616 forsan,
550 3542 654 3603 certe
681 3550 759 3603 non
783 3520 1008 3625 inhonesta)
1034 3548 1121 3630 quae
1151 3516 1253 3598 nihil
1285 3513 1412 3620 majur

234 3654 414 3765 potiusve
433 3654 544 3764 petit,
564 3683 683 3764 quam
703 3673 748 3735 ut
767 3656 807 3735 in
825 3655 988 3735 laudum
1007 3671 1204 3749 tantarum
1221 3647 1413 3729 comitatu

236 3788 324 3871 haec
354 3788 535 3868 amicitiae
563 3788 697 3871 nostrae
728 3789 942 3870 recordatio
975 3787 1244 3874 conservetur;
1288 3798 1412 3887 utque

236 3941 544 4008 monumentum
569 3922 646 4005 hoc
671 3924 955 4035 qualecunque,
992 3922 1098 4031 quod
1117 3900 1413 4025 ¹lirchiepiscopi

238 4064 523 4147 Cantuariensrs
550 4062 688 4145 honori
716 4064 985 4153 consecratum
1017 4062 1138 4155 vides,
1166 4057 1236 4139 sibi
1256 4080 1335 4137 una
1352 4054 1414 4135 in·

239 4199 428 4311 scriptum
448 4216 555 4321 gerat
574 4224 718 4281 nomen

323 4420 425 4491 arona,
794 4385 1391 4497 Jouuuurs-Bunrou.

242 4502 315 4569 Kal.
329 4502 433 4566 ottob.
450 4500 538 4581 1768.
