3509 5175
659 446 949 594 [293]

219 667 516 767 administravit,
543 671 648 754 idem
674 676 715 758 in
745 679 964 788 Republica
990 680 1175 764 Literaria
1201 682 1261 764 rit
1278 684 1387 794 prin·

218 835 329 916 ceps,
356 809 483 890 literas
505 829 619 919 atque
636 812 807 932 literatos
827 817 948 896 coluit
969 817 1087 927 usque
1105 817 1291 926 fovitque,
1319 838 1382 899 at·

220 971 304 1052 que
332 945 450 1025 etiam
480 947 658 1054 exemplo
688 946 926 1044 honestavit3
955 951 1061 1058 cujus
1090 951 1130 1030 dc
1162 950 1317 1030 fortuna
1347 952 1387 1029 be
1432 1036 1437 1042 ,

222 1081 431 1162 auctoritas
449 1081 490 1162 id
509 1080 658 1176 habuit,
689 1102 731 1163 ut
749 1083 883 1193 posset,
903 1087 1070 1194 benigna
1088 1105 1219 1167 autem
1238 1059 1399 1166 indoles

221 1230 268 1294 ut
289 1213 418 1306 vellet,
448 1213 675 1332 utilitatibus
694 1216 858 1324 publicis
878 1219 990 1297 omni
1006 1220 1045 1297 in
1065 1218 1176 1298 causa
1195 1215 1384 1298 inservire.
1444 1256 1451 1270 ·

392 1405 488 1468 Ama
505 1425 554 1483 rur
571 1425 612 1469 aar
632 1385 731 1480 recolo
747 1389 864 1498 parda
883 1411 1055 1500 ανεμωλιω,
1074 1389 1198 1503 fingam

292 1613 402 1720 Qid
432 1638 546 1720 porro
573 1613 612 1692 in
647 1641 686 1693 re
716 1612 971 1722 Theologica,
1006 1617 1117 1725 cnjus
1146 1610 1388 1722 disciplinam

222 1773 389 1828 omnem
407 1749 479 1829 Ille
505 1750 635 1828 animo
660 1769 881 1859 perceptam
909 1751 1136 1861 penitiffime
1164 1745 1390 1831 intellexit?

223 1880 559 1960 Nullamneillius
577 1907 712 1959 curam
731 1882 839 1988 geffit
857 1884 870 1959 ἒ
899 1883 982 1962 imo
997 1910 1086 1965 vero
1099 1902 1138 1961 et
1153 1881 1387 1961 maximam:

222 2045 316 2098 mea
331 1995 490 2125 quidem
505 2005 704 2109 sententia,
720 2019 759 2096 id
774 2019 922 2098 curavit
935 2019 1077 2112 sedule,
1095 2047 1142 2097 eo
1160 2019 1254 2128 ipso,
1270 2016 1389 2124 quod,

223 2178 299 2260 pro
318 2179 364 2230 ea
383 2178 458 2259 qua
477 2151 578 2258 apud
599 2152 750 2258 Regem
780 2153 931 2233 valebat
958 2157 1094 2260 gratia,
1125 2154 1164 2232 in
1195 2149 1391 2232 Cathedra

226 2284 454 2364 professoria
476 2285 684 2364 Oxonienfi
704 2285 898 2393 praefidere
916 2290 1061 2367 curavit
1079 2289 1232 2377 Virum,
1250 2286 1300 2363 de
1312 2309 1392 2391 quo

226 2419 324 2530 quid
344 2420 518 2510 sentiam,
549 2418 596 2497 ad
617 2435 654 2496 te
674 2418 851 2512 scribens,
881 2421 1030 2527 parcius
1058 2419 1158 2500 mihi
1178 2416 1391 2521 dicendum

226 2550 301 2631 esse
320 2537 461 2642 video;
501 2551 577 2641 sed,
606 2551 710 2658 quod
743 2577 800 2630 res
828 2551 908 2658 ipsa
934 2551 1120 2658 loquitur,
1150 2551 1256 2632 nefas
1275 2548 1392 2629 fuerit

227 2682 481 2762 diffimulare:
512 2682 655 2761 Virum
674 2699 776 2761 certe
796 2679 934 2761 laboris
952 2685 1179 2791 patientem,
1198 2685 1393 2762 Tutorem

226 2818 447 2908 emeritum,
481 2814 676 2923 longoque
711 2841 839 2895 rerum
872 2815 941 2895 usu
971 2801 1085 2924 atque
1114 2814 1391 2896 exercitatione

226 2948 426 3047 illuminor,
462 2955 515 3036 ita
542 2955 772 3047 animatum,
808 2972 864 3047 ot,
905 2982 989 3063 qnae
1018 2958 1059 3034 in
1090 2929 1393 3036 institutionibus

226 3088 473 3167 Academicis
493 3086 538 3164 ad
554 3086 729 3165 officinm
750 3084 941 3164 Pastorale
970 3088 1177 3193 spectantia
1204 3085 1393 3165 desidera-

228 3222 383 3315 bantur,
400 3221 581 3329 'supplere
602 3224 729 3313 vellet,
758 3246 836 3298 non
866 3223 1025 3299 nomine
1055 3221 1172 3300 modo
1189 3218 1391 3308 Profeffor,

227 3355 290 3435 sed
312 3382 353 3435 re
371 3355 449 3463 ipsa
460 3352 688 3462 Theologiae
702 3353 929 3461 Praeceptor.
958 3352 1078 3432 Hunc
1087 3353 1228 3432 Virum
1245 3349 1393 3430 Archi-

227 3491 363 3600 praesul
392 3492 573 3599 providus
602 3490 765 3571 consiliis
792 3491 832 3570 δι
864 3490 1147 3571 hortationibus
1166 3490 1393 3577 excitatum,

228 3658 300 3711 nec
319 3628 479 3739 quidem
498 3629 679 3721 invitum,
708 3629 888 3737 perpulit,
909 3648 952 3709 ut
965 3656 1063 3739 opus
1082 3628 1131 3707 ab
1151 3627 1394 3709 Academicis

228 3766 296 3846 diu
327 3766 579 3847 desideratum
615 3766 737 3874 (quod
767 3768 881 3873 Ego·
908 3765 994 3873 jam
1022 3785 1133 3846 antea
1163 3767 1227 3875 spe
1253 3763 1395 3871 frigida

229 3898 422 4007 sterilique
440 3917 531 3980 voto
560 3899 827 4005 conceperam)
863 3896 966 3979 ultro
995 3900 1151 4008 aggredi
1180 3897 1310 3979 vellet.
1356 3898 1395 3976 Is

230 4035 325 4117 adeo
342 4035 644 4145 praeceptionum
662 4033 993 4144 Theologicarum
1017 4038 1153 4118 seriem
1172 4035 1394 4115 ordinatam

230 4169 406 4267 instituit,
435 4196 513 4251 non
533 4170 707 4251 sermone
725 4187 791 4252 aut
807 4196 919 4252 more
939 4167 1172 4251 Scholastico
1199 4170 1248 4251 ad
1268 4168 1398 4252 erudi·

573 4440 590 4485 a
609 4419 686 4485 Vide
701 4418 838 4509 Appeud.
853 4417 1027 4485 adoraret.

992 4546 996 4554 '
1162 4559 1165 4566 ⁴
1275 4548 1393 4633 tlonie
