3509 5175
828 479 1122 624 [2⁶⁸]

441 697 627 789 Sollicitat
645 705 826 809 damnosa¹
846 733 985 788 vocans
1004 707 1052 788 ad
1070 708 1229 817 praemia
1246 711 1384 795 Fara?
1408 767 1415 786 .

441 877 595 958 Scilicet
616 904 713 958 unus
732 873 861 957 abest:
893 894 932 957 at
950 904 1027 961 uon
1046 877 1118 958 tibi
1138 875 1266 958 deficit
1283 882 1390 992 alter,

441 1045 494 1126 Et
515 1046 657 1127 similes
672 1043 744 1124 alia
762 1043 902 1124 fallunt
918 1044 985 1125 sub
1004 1047 1174 1155 imagine
1195 1049 1290 1130 ludi.

441 1215 505 1294 En
524 1215 694 1316 ille'ante
713 1194 876 1306 omnes,
893 1213 960 1322 qui
981 1215 1051 1295 rite
1071 1215 1240 1296 volubile
1259 1245 1405 1298 numen

438 1381 737 1491 Instabilemque
754 1398 878 1463 rotam
898 1408 976 1462 non
997 1410 1093 1464 vano
1112 1385 1270 1464 nomine
1292 1383 1493 1478 monstrat,

440 1551 724 1662 Roruley-Paulr'
742 1571 844 1644 tuus,
872 1551 1005 1660 magni
1022 1578 1109 1659 pars
1129 1579 1269 1662 magna
1289 1553 1506 1665 triumphi!

439 1722 611 1801 Alternis
632 1719 789 1800 discreta
806 1719 913 1813 locis,
943 1718 1101 1832 discreta
1118 1721 1259 1812 colore,

438 1886 610 1990 Lubrica
627 1886 804 2003 planities
822 1887 990 1996 aperitur
1005 1888 1179 1996 margine
1199 1887 1350 1970 summo
1391 1917 1395 1930 ·

304 2103 310 2112 -
437 2053 597 2148 Leniter
615 2055 778 2149 acclinia,
807 2057 935 2150 media
953 2058 1079 2136 omnis
1098 2058 1138 2147 ὃς
1156 2058 1317 2167 aequoris
1336 2056 1453 2138 instat

439 2228 562 2308 Strata
583 2228 698 2334 jacet,
727 2224 902 2318 fluitante
926 2223 1019 2321 finu,
1047 2226 1204 2318 devexa,
1235 2225 1447 2334 resurgens,

437 2392 632 2504 Perpetuo
645 2381 769 2504 lapsu,
798 2394 903 2475 velut
923 2394 1025 2475 unda
1045 2393 1261 2504 supervenit
1280 2395 1437 2475 undam.

437 2563 592 2645 Miffilis
612 2561 804 2650 orbiculus
824 2589 928 2658 nunc
947 2563 1055 2659 alter,
1083 2561 1122 2644 δι
1142 2562 1248 2667 alter,
1277 2565 1315 2643 &
1335 2562 1434 2645 alter

438 2729 637 2810 Prosrliens
656 2733 786 2840 rapida
805 2733 955 2839 peragit
974 2732 1158 2842 vertigine
1178 2761 1344 2855 gyrumr

433 2881 519 2977 'Hic
537 2918 581 2979 tu
599 2896 787 3008 praecipue
805 2903 962 3007 gaudes,
991 2902 1174 3009 Fortuna,
1201 2902 1338 3010 jocarl,

438 3038 602 3147 Alterno
621 3067 729 3146 vultu
748 3068 961 3163 mutabilis,
990 3070 1076 3151 alba
1095 3070 1155 3151 vel
1176 3046 1269 3162 ¹atra,

438 3238 645 3345 Spemque,
660 3255 892 3344 metumque
902 3265 1052 3345 regens,
1064 3266 1132 3347 per
1142 3238 1261 3347 aperti
1272 3237 1422 3318 lubrica
1432 3236 1545 3339 campi

423 3404 532 3485 Huc
550 3406 642 3484 illuc
660 3404 784 3512 greffu
802 3403 963 3487 fallente
980 3405 1163 3486 volubilis
1183 3434 1295 3499 erran,

429 3564 632 3664 Pertusa,
651 3601 720 3683 per
737 3600 920 3666 convexa,
940 3575 1127 3685 peralba,
1146 3602 1214 3683 per
1234 3593 1314 3659 atra
1333 3600 1533 3665 recurrens,

437 3738 554 3822 Mille
571 3742 707 3823 domos
725 3742 859 3823 lasciva
876 3742 990 3852 petis,
1018 3741 1152 3823 lasciva
1172 3743 1373 3851 relinquis,

437 3907 676 4017 Suspendens
693 3912 814 3992 dubio
832 3931 1088 4025 mentemque
1106 3912 1313 4025 oculosque
1334 3928 1476 3992 rotatu.

310 4293 312 4296 Ι
361 4254 366 4261 ,
388 4222 391 4228 ,
435 4176 532 4255 Haec
552 4179 776 4290 aliquandiu
795 4211 872 4263 non
892 4183 972 4275 fine
991 4184 1066 4277 risu
1083 4185 1253 4295 quodam
1267 4182 1543 4295 indignabundo

362 4279 541 4389 miratus
559 4316 749 4406 continuo
776 4344 850 4425 ego
872 4335 1087 4413 mecum,‘
1092 4322 1284 4431 ‘profetia
1311 4350 1376 4401 nos
1405 4323 1542 4402 hamun-

378 4454 404 4493 “
376 4441 535 4539 cinnes
550 4446 727 4531 Fortuna
754 4452 858 4559 quast
871 4450 972 4568 pilas
989 4446 1062 4535 hab
1063 4468 1127 4541 et
1119 4455 1168 4509 Ι
1179 4498 1235 4521 -
1249 4450 1399 4535 Verum
1429 4450 1542 4532 enim·

1466 4609 1541 4671 veru
