3509 5175
620 440 914 615 [181]

200 699 335 783 contilii
354 700 433 784 mei
450 698 622 795 frudtus3
653 701 860 812 siquidem
885 700 1008 805 nostra
1029 697 1110 785 haec
1130 702 1364 814 placuerint,

200 833 336 917 habeut
362 864 445 947 quae
474 837 704 930 imitentur3
741 836 796 916 fin
820 835 965 929 minus,
995 835 1141 917 habent
1161 840 1201 917 in
1221 838 1363 948 quibus

200 994 356 1048 acumen
378 968 586 1051 adhibeant
603 972 805 1051 criticum:
841 998 914 1078 ego
934 963 1100 1065 interim,
1132 973 1236 1081 quod
1256 992 1362 1080 pet0,

199 1100 352 1182 videbor
372 1104 473 1183 mihi
491 1101 728 1198 consecutus,
756 1134 849 1186 cum
869 1108 1031 1185 arredos
1056 1134 1215 1215 quoquo
1244 1106 1386 1189 modo.

199 1234 238 1314 ad
258 1236 499 1317 scribendum
521 1227 817 1349 provocaverim.
863 1240 955 1319 Hoc
979 1239 1152 1347 profedto
1175 1243 1214 1319 id
1235 1241 1363 1348 ipsum

200 1364 247 1444 est
265 1368 461 1473 (iteranda
482 1370 536 1449 est
556 1373 661 1451 enim
680 1371 762 1450 haec
781 1370 961 1478 querela)
983 1373 1089 1477 quod
1109 1372 1211 1481 apud
1230 1399 1296 1451 vos
1315 1387 1363 1452 ut

197 1497 402 1603 plurimum
422 1502 621 1582 desiderari
640 1504 775 1583 sentio.
824 1502 960 1610 Itaque
985 1503 1116 1609 saepius
1136 1503 1233 1582 illud
1255 1501 1364 1607 Cice<

197 1634 381 1715 ronianum
402 1636 555 1716 auribus
574 1637 754 1716 instillare
772 1635 880 1727 libet,
901 1653 1018 1745 caput¹
1032 1635 1088 1716 rei
1106 1633 1154 1740 est·
1161 1635 1362 1744 plurimum

188 1768 346 1873 scribere
358 1818 414 1833 —
415 1773 536 1879 stylus
554 1772 696 1853 dicendi
718 1770 887 1883 magister
905 1772 1071 1879 optimus,
1101 1773 1177 1851 dcc.
1207 1770 1360 1850 excuti-

200 1901 337 1983 endum
368 1905 477 1984 vobis
504 1907 558 1985 est
587 1904 664 1985 hoc
696 1904 883 2013 quicquid
909 1903 962 1982 est
981 1904 1054 1983 five
1075 1904 1258 2012 segnitiae,
1288 1903 1360 1982 srve

198 2034 423 2132 timiditatis,
452 2039 527 2118 five
548 2040 640 2119 mali
660 2039 830 2149 pudoris,
860 2038 935 2117 five
958 2040 1078 2119 etiam
1097 2039 1240 2117 fastidii
1260 2037 1359 2115 deli-

199 2176 277 2254 cati.
325 2180 389 2258 Ad
408 2180 641 2289 exemplaria
661 2179 809 2271 Graeca,
840 2180 888 2257 ad
908 2178 1057 2259 Latina
1077 2204 1239 2255 revoco:
1281 2175 1359 2283 sty-

198 2304 272 2385 lum
305 2310 347 2388 in
378 2338 514 2391 manus
546 2313 681 2409 trado:
723 2312 844 2390 Eccui
866 2312 993 2417 aliqua
1023 2310 1115 2390 inest
1133 2310 1281 2417 ingenii
1299 2308 1361 2387 vel

195 2436 320 2545 judicii
349 2442 542 2524 facultas?
586 2446 820 2553 experiendo
847 2446 1115 2553 periclitetur:
1164 2471 1248 2552 quae
1278 2470 1359 2522 non

198 2570 323 2656 frustra
344 2580 565 2674 admiratur,
594 2582 732 2690 scripta
762 2581 899 2660 eadem
925 2580 1113 2659 imitando
1135 2580 1356 2688 exprimat:

198 2707 377 2818 intelligat
398 2741 419 2790 e
439 2716 579 2794 crebris
594 2714 930 2795 exercitationibus
946 2742 1087 2793 novam
1102 2715 1297 2821 quandam
1317 2714 1360 2789 in

198 2848 415 2950 exequendo
434 2847 663 2929 facilitatem
692 2850 793 2941 clici,
823 2849 1007 2957 operique
1035 2849 1127 2957 saepe
1156 2848 1359 2927 retratlato

198 2981 433 3084 perfettionis
454 2983 611 3062 laudem
632 2986 839 3093 aliquando
860 2986 1051 3064 accedere.

244 3117 406 3198 Utinam
427 3119 613 3228 profectu,
643 3150 726 3230 quae
746 3123 829 3232 post
848 3124 978 3202 literas
999 3122 1118 3201 modo
1134 3141 1281 3202 renatas
1295 3119 1358 3197 vi·

198 3247 315 3351 gebat,
346 3253 481 3330 eadem
501 3253 600 3359 apud
614 3253 694 3332 Vos
713 3282 817 3334 nunc
843 3280 999 3363 quoque
1019 3253 1234 3332 studiorum
1249 3250 1353 3328 libe-

197 3379 326 3462 ralium
359 3385 554 3466 aemulatio
583 3391 747 3495 vigeret,
788 3390 926 3468 eadem
954 3408 1119 3498 utraque
1152 3387 1192 3462 in
1222 3383 1358 3490 lingua

198 3511 273 3618 styli
292 3539 474 3625 prompta
494 3519 718 3604 exercitatio
731 3560 743 3614 3
786 3523 900 3629 atque
930 3523 1026 3600 adeo
1055 3545 1127 3627 pro
1157 3544 1196 3595 re
1226 3516 1358 3624 quavis

195 3667 272 3724 nata
290 3650 391 3728 inter
408 3651 579 3731 literatos
594 3653 879 3750 commercium
895 3681 981 3735 vere
999 3651 1215 3752 literarium
1235 3651 1358 3727 inter-

199 3787 364 3870 cederet:
405 3793 460 3870 ita
481 3795 633 3874 animus
655 3796 702 3875 ad
724 3795 969 3874 scribendum
996 3793 1157 3874 ereuior
1179 3793 1219 3872 de
1244 3816 1356 3899 para-

200 3917 266 4000 tior
284 3927 559 4033 accingeretur,
589 3933 641 4022 de,
670 3959 763 4010 cum
782 3959 860 4010 non
879 3931 956 4010 fine
985 3929 1110 4038 gloria
1135 3926 1357 4033 negotium,

199 4067 274 4133 tum
302 4083 375 4137 nec
405 4059 530 4140 otium
560 4062 629 4141 fibi
658 4062 750 4142 effer
783 4064 932 4170 prorsus
960 4059 1255 4150 infructuosum,
1290 4073 1358 4135 aut

198 4191 296 4268 omni
317 4193 432 4272 laude
453 4223 629 4279 vacuum.
674 4198 839 4277 Utinam
871 4195 1044 4306 profecto
1072 4196 1261 4300 superiora
1290 4191 1358 4270 illa

197 4337 363 4430 tempora
382 4326 434 4406 ita
454 4325 600 4436 poffem
619 4329 787 4421 laudare,
818 4349 862 4409 ut
891 4328 1003 4410 fimul
1033 4324 1247 4406 recentiora
1276 4347 1357 4400 nou

196 4458 300 4543 tacite
330 4462 667 4574 reprehenderem,
683 4466 737 4546 'in
770 4463 912 4575 quibus
944 4482 1030 4544 tum
1064 4458 1231 4568 Ingenii,
1270 4473 1375 4576 tum⁸

1160 4583 1358 4669 lndustriae
