3509 5175
850 434 1104 575 [24]

391 653 520 740 Nobis
540 652 689 738 reducti
708 670 812 739 trans
828 659 946 742 maris
965 658 1068 745 arida

391 832 557 917 Novum
576 841 716 938 negata
732 830 885 916 Duttot
901 832 978 914 iter
994 830 1057 914 vit

346 1056 352 1075 t
447 998 635 1092 Reclufit,
664 1002 712 1084 ad
730 1020 854 1087 certos
871 1000 1095 1111 triumphos

501 1170 722 1283 Expediens
741 1201 810 1283 per
829 1188 942 1253 acuta
960 1169 1095 1253 Lethi.

390 1345 454 1428 En
470 1337 480 1419 !
510 1344 663 1423 Rumor
680 1366 788 1422 aures
806 1341 1026 1428 antevolans
1045 1344 1149 1439 ferit,
1187 1344 1206 1375 ¹·

390 1514 444 1595 Et
464 1512 581 1595 corda
599 1512 749 1622 pulsans
765 1510 1002 1623 subsequitur
1021 1514 1144 1597 Pauor
1155 1546 1171 1606 ς

445 1682 574 1763 Cerno
593 1678 830 1761 Palaestiuam
848 1682 1082 1766 frementem
1175 1764 1178 1772 ,

503 1850 661 1949 Insolito
680 1850 870 1960 trepidare
888 1872 1013 1934 motu.

390 2019 567 2110 Perculsa
586 2046 701 2100 cerno
720 2047 850 2131 regna.
896 2022 995 2126 Qis
1013 2037 1177 2131 occupat

390 2190 521 2270 Duces
539 2188 729 2270 Idumaeos
748 2188 920 2272 tremor?
950 2191 1020 2271 en!
1049 2188 1145 2298 vigil
1248 2263 1250 2274 1
1312 2172 1317 2181 ¹

442 2358 642 2445 Horrescit
660 2378 851 2440 extremas
870 2358 919 2440 ab
937 2360 1016 2440 alto

424 2573 427 2588 ·
501 2528 738 2637 Prospiciens
759 2526 937 2608 Moabita
953 2546 1111 2608 turmas.

388 2699 554 2780 Adversa
571 2695 648 2777 late
667 2695 784 2776 castra
803 2694 1040 2776 micantibus

389 2869 560 2955 Horrere
581 2869 665 2948 telis
685 2863 792 2957 vidit,
823 2882 862 2946 et
881 2861 1054 2950 hostium

444 3033 612 3148 Impune
630 3011 806 3116 vitirices
825 3050 993 3118 catervas

500 3205 631 3286 Marte
651 3231 751 3284 novo
771 3202 939 3308 peritura
955 3201 1051 3284 vidit
1187 3262 1194 3272 1

388 3331 557 3459 Hetliaea
576 3374 700 3455 tellus.
744 3373 801 3450 Ut
821 3372 964 3482 Stupor
981 3371 1116 3454 insidet

388 3550 499 3630 Vires
519 3544 720 3636 resolvens,
748 3560 786 3621 et
807 3541 920 3621 filicis
938 3542 1043 3651 rigor
1164 3577 1170 3594 ·

442 3713 650 3794 Contracta
669 3711 855 3819 stringens
873 3710 1003 3800 corda,
1033 3708 1232 3820 pressoque

496 3884 576 3998 Ore
598 3879 728 3960 furens
747 3881 963 3960 taciturnus
982 3877 1130 3960 Horror
1150 3879 1158 3957 Ι

387 4053 443 4136 At
463 4050 562 4142 NoS,
593 4051 743 4132 viarum
762 4047 825 4126 Te
845 4048 944 4126 duce
970 4068 1010 4127 et
1028 4047 1193 4157 auspice,

385 4221 553 4330 impune
572 4245 638 4327 per
659 4217 813 4307 deserta,
843 4243 908 4326 per
927 4191 1091 4296 humidu
