3509 5175
647 491 934 638 [297]

197 719 399 808 clesrastica
426 721 726 806 defiderantibus
759 742 799 804 et
831 721 1050 804 volentibus
1085 721 1363 830 indulgeretur,

197 881 273 936 non
293 871 426 938 autem
447 854 530 934 allis
559 853 688 934 invitis
718 851 987 934 obtruderetur
1001 889 1015 948 3
1054 870 1176 962 utque
1203 854 1366 962 potestas

197 987 446 1098 Episcopalis,
475 990 577 1069 intra
603 983 696 1066 fines
727 985 1071 1066 administrationis
1100 1014 1205 1069 mere
1230 989 1367 1069 Eccle-
1449 1084 1455 1094 ,

196 1119 347 1200 srasticae
364 1119 507 1200 inclusa
526 1137 565 1199 et
592 1119 810 1212 constricta,
839 1117 992 1199 nullum
1019 1118 1171 1198 invidia
1200 1139 1267 1200 aut
1297 1120 1364 1202 of-

198 1249 376 1331 fensionis
395 1252 513 1332 etiam
533 1249 635 1361 apud
653 1249 801 1359 iniquos
821 1271 859 1332 et
874 1251 1082 1331 malevolos
1100 1233 1234 1330 locum
1248 1253 1368 1332 relin-
1473 1277 1480 1286 ·

198 1399 345 1488 queret.
388 1377 568 1460 Hoccine
589 1379 719 1487 itaque
740 1376 990 1458 memorabile
1016 1377 1153 1459 estant
1173 1379 1370 1474 credibile,

197 1535 333 1596 contra
351 1513 427 1595 hoc
445 1515 648 1596 confilium
664 1533 744 1595 tam
764 1513 864 1607 lene,
895 1531 977 1594 tam
996 1515 1256 1609 moderatum,
1286 1534 1370 1597 tam

196 1650 304 1744 utile,
324 1667 452 1731 tantos
471 1649 623 1730 invidia
643 1651 682 1730 bc
701 1648 1030 1729 contumeliarum
1049 1647 1185 1730 fluens
1204 1649 1369 1760 potuiffe

196 1786 411 1868 concitari?
433 1894 435 1898 Δ
455 1787 648 1868 Fremunt
687 1803 820 1878 tamen
865 1785 969 1866 illico
1005 1788 1045 1866 dc
1083 1787 1372 1870 tumultuantur

197 1926 514 2008 Dissentientium
532 1952 668 2035 greges
683 1926 843 2036 quidam
859 1924 1117 2006 irritabiles&
1130 1927 1368 2036 pervicacem

197 2058 318 2141 iidem
336 2059 375 2139 in
397 2058 616 2168 Republica
632 2058 746 2139 Cives
766 2057 937 2149 seditiofi,
967 2040 1008 2138 in
1029 2058 1199 2138 Ecclefia
1218 2057 1370 2140 Princi-

198 2213 334 2302 patum
353 2193 492 2303 adepti,
521 2193 696 2302 Tyranni
718 2193 992 2275 intolerabiles.
1039 2192 1170 2300 Iniqui
1188 2191 1372 2304 homines

197 2327 235 2405 de
264 2325 453 2434 maligni!
498 2327 568 2434 qui
598 2325 822 2419 Libertatis,
853 2353 971 2433 quarn
1000 2324 1069 2434 ipfi
1097 2323 1167 2404 libi
1194 2345 1374 2434 arrogant

198 2457 454 2551 effraenatam,
482 2456 550 2565 jus
584 2457 667 2538 aliis
698 2484 720 2537 a
748 2457 784 2538 se
814 2457 1078 2550 diffidentibus
1107 2459 1269 2538 concedi
1298 2485 1374 2542 no·

196 2581 306 2663 lunt!

263 2718 376 2799 Vana
408 2715 551 2797 scilicet
588 2714 770 2824 opinione
806 2730 1062 2822 conceperant
1098 2710 1373 2796 Ditl'entientes

198 2849 404 2943 Scelerum,
435 2849 502 2957 qui
525 2844 828 2927 mansuetudinis
846 2845 885 2923 bc
903 2845 1070 2926 lenitatis
1088 2864 1213 2955 partes
1234 2848 1373 2928 tueba-

198 2998 273 3074 tur,
303 2982 373 3089 qui
393 2978 654 3059 Tolerationis
673 2978 762 3083 jura
781 2976 827 3055 iis
847 2974 1019 3055 concessa
1038 2974 1138 3057 sacra
1155 2976 1227 3059 esse
1245 2980 1286 3060 ἃ
1306 2980 1372 3062 in-

196 3112 340 3191 violata
361 3111 515 3220 semper
540 3107 806 3198 contendiffet,
836 3106 1045 3214 aliquando
1073 3108 1170 3188 olim
1197 3108 1373 3190 stabilita

196 3243 378 3324 Ecclefiae
408 3242 631 3355 Anglicana
661 3239 864 3346 Privilegia
892 3241 931 3318 bc
960 3241 1247 3322 Audloritatem
1277 3242 1368 3352 ipsis

197 3375 301 3455 ultro
323 3374 565 3481 proditurum
584 3372 680 3465 fore,
708 3398 780 3451 nec
799 3370 953 3451 veniam
973 3371 1144 3480 ipsorum
1162 3371 1371 3473 erroribus,

197 3509 260 3589 sed
280 3509 439 3590 laudern
458 3510 497 3589 be
516 3510 683 3617 premia,
714 3505 817 3587 ultro
837 3504 1117 3588 conceffurum.
1162 3508 1273 3614 Qid
1293 3512 1373 3591 mi-

198 3672 291 3729 rum
310 3644 492 3726 homines
512 3644 726 3754 pervicaces
747 3642 838 3723 salsa
856 3644 920 3752 spe
939 3644 1121 3753 deceptos
1141 3644 1189 3724 ad
1209 3647 1376 3741 convitia
1396 3655 1398 3658 ’
1520 3652 1528 3664 ’

197 3782 238 3862 δε
267 3780 320 3861 ad
349 3779 601 3889 speciosarum
631 3777 952 3891 criminationum
988 3774 1303 3861 terriculamenta
1330 3782 1375 3863 in

197 3916 341 4025 vulgus
355 3915 529 4021 jactanda
543 3913 577 3994 se
589 3912 842 4027 con'vertille?
871 3912 1015 4022 Neque
1035 3933 1167 3995 tamen
1182 3912 1265 3995 Sibi
1283 3916 1373 4024 Ipse,

198 4068 268 4129 aut
291 4046 469 4128 Ecclesrae
489 4048 716 4156 Anglicanae
736 4045 931 4154 dignitati,
960 4046 1086 4128 defuit
1105 4046 1374 4159 Archiepiseo-

199 4188 319 4291 pus.⁸
355 4178 460 4260 'Vide
490 4181 585 4261 adeo
616 4197 811 4259 certarnen
841 4180 967 4287 impar
987 4182 1157 4290 plane&
1177 4182 1373 4292 iniquum,

198 4310 432 4393 temeritatis
451 4334 542 4389 cum
561 4303 777 4417 prudentia,
805 4304 942 4385 furoris
970 4308 1010 4385 dc
1036 4308 1259 4419 pervicacia
1284 4338 1379 4392 cum

569 4548 587 4591 e
607 4526 743 4609 Respons.
760 4527 795 4589 ad
810 4525 851 4586 D.
864 4526 1013 4610 Mayhe'w.
1067 4478 1078 4495 ο

816 4606 847 4685 Ρ
865 4638 894 4721 p
1237 4610 1380 4699 mode·
