3509 5175
679 394 903 537 [r]

200 638 280 713 tate
309 622 590 733 locupletatum
619 624 698 705 sua.
765 621 911 733 Ecquis
941 646 1034 731 ergo
1065 620 1223 705 Poeseos
1253 623 1380 709 studio
1415 711 1419 718 ,

202 762 355 845 deditus
370 788 499 842 veram
515 760 662 871 appetit
675 758 849 843 famam?
878 758 993 841 facile
1006 759 1135 842 videat
1148 787 1266 869 quam
1279 789 1381 873 prae·
1416 745 1422 808 '³

203 896 316 1009 cipue
329 894 433 979 viam
447 894 613 976 infrstere
627 914 793 1006 oportet.
821 896 885 977 En
905 894 1020 975 illum
1035 894 1222 1004 sapientia
1243 895 1383 977 divinae
1430 887 1437 940 '·

203 1030 444 1122 thesaurum,
472 1026 575 1109 unde
595 1028 695 1111 nihil
714 1056 793 1111 non
810 1028 873 1109 vel
894 1025 942 1107 ad
961 1028 1074 1109 usum
1092 1028 1153 1110 vel
1168 1053 1381 1117 ¹ornamen-

203 1188 292 1251 tum
312 1166 486 1281 depromi
503 1166 641 1277 poffit:
682 1197 731 1250 en
751 1168 969 1261 materiem,
998 1165 1039 1247 in
1066 1195 1144 1276 qua
1169 1167 1287 1274 digne
1312 1192 1383 1247 ex·
1408 1212 1412 1214 >

203 1304 389 1389 ercitetur
402 1301 468 1382 illa
480 1330 592 1385 mens
605 1304 782 1401 divinior,
795 1324 913 1414 atque
924 1330 968 1383 os
982 1332 1123 1413 magna
1136 1301 1381 1383 sonaturum:

205 1442 437 1527 eudemum
456 1441 495 1521 id
515 1441 656 1551 ipsum,
684 1470 763 1551 quo
781 1440 879 1523 nihil
903 1441 1028 1553 majus
1056 1440 1238 1523 meliusve
1266 1438 1385 1520 affec·
1436 1513 1439 1520 ,

206 1598 289 1665 tare
318 1576 423 1658 valet
453 1575 616 1657 ambitio
647 1578 817 1657 Poetica
866 1574 1135 1685 Qamobrem
1159 1574 1387 1657 cohortandi

207 1720 295 1803 sunt
313 1714 569 1799 adolescentes
588 1733 633 1797 ut
651 1716 699 1797 ad
718 1714 820 1796 hanc
847 1715 962 1797 unice
990 1713 1207 1795 studiorum
1234 1732 1383 1800 metam

208 1854 502 1951 contenderent,
529 1850 571 1931 in
590 1848 666 1934 hoc
684 1852 875 1935 curriculo
892 1852 1140 1962 ingeniorum
1157 1854 1255 1933 vires
1273 1854 1384 1966 peri-

208 1994 449 2083 clitarentur,
476 2014 550 2069 nec
570 1989 791 2071 certaminis
804 1987 1031 2076 difficultate
1049 1990 1244 2100 perterriti
1263 1988 1338 2069 alid
1350 1990 1388 2071 se
1491 2032 1497 2039 ·

209 2132 258 2215 ad
275 2154 475 2241 nugarum
493 2125 709 2211 faciliorum
733 2154 840 2213 curas
868 2131 1019 2212 avocari
1037 2137 1272 2240 paterentur,
1301 2128 1404 2242 satis
1524 2124 1528 2132 ’

210 2268 342 2355 teetse
362 2266 545 2351 assecutos
563 2267 650 2362 rati,
677 2266 775 2349 fierr
799 2268 1000 2349 cantilenae
1029 2268 1228 2376 cujusdam
1254 2244 1407 2351 facete*

212 2404 336 2489 forsan
356 2405 397 2487 ds
414 2404 601 2499 obscena,
620 2404 682 2486 vel
695 2404 878 2487 carminis
897 2406 1075 2487 amatorii
1093 2405 1295 2513 elegantiis
1314 2431 1390 2515 po·

212 2538 361 2647 pulares
380 2535 531 2650 plausus
551 2562 631 2622 non
657 2534 796 2621 frustra
820 2536 1069 2648 captaverint.
1111 2540 1387 2649 Conceptuum

200 2676 375 2788 quidem
393 2672 612 2760 divinorum
624 2675 905 2762 sublimitatem
922 2678 1087 2760 dicendo
1107 2680 1307 2789 adaquare
1322 2706 1389 2760 ar·

213 2816 340 2898 duum
356 2813 544 2923 quiddam
562 2809 617 2894 est
635 2811 891 2925 humanisque
910 2815 1023 2897 altius
1047 2813 1221 2898 viribus:
1252 2841 1389 2897 verum

214 2949 430 3043 enimvero,
468 2973 555 3058 quae
582 2973 655 3058 pro
681 2947 824 3030 merito
857 2947 1088 3031 describi&
1116 2948 1291 3031 illustrari
1320 2976 1397 3029 ne·

213 3103 380 3196 queunt.
414 3083 567 3186 eadem,
603 3079 680 3193 quir
709 3083 812 3178 licet,
846 3086 995 3194 optime
1019 3083 1118 3201 stylo
1143 3085 1391 3185 adumbrare,

216 3222 410 3308 facultatis
430 3222 593 3306 Poeticae
611 3222 708 3304 adeo
725 3251 804 3304 non
824 3222 878 3304 est
896 3221 1033 3304 infima
1051 3225 1147 3318 laus,
1169 3244 1212 3307 ut
1229 3251 1328 3334 opus
1345 3223 1391 3309 lit

216 3357 331 3470 longe
364 3351 684 3466 pulcherrimum,
722 3383 794 3436 nec
823 3357 1020 3438 minorem
1052 3355 1224 3437 afferens·
1243 3357 1390 3464 ingenii

216 3515 339 3601 quam
357 3490 511 3600 pietatis
530 3489 927 3574 commandationem.
976 3490 1043 3571 Est
1064 3490 1236 3598 profesio
1253 3490 1390 3571 lauda·

219 3621 296 3715 bile
315 3623 357 3706 id
375 3623 544 3734 aggredi,
563 3623 669 3733 quod
681 3623 862 3734 consequi
874 3623 980 3736 posse
993 3624 1049 3708 est
1062 3623 1390 3734 gloriosissimum:

220 3783 291 3840 nec
311 3777 423 3869 turpe
439 3756 495 3840 est
509 3759 736 3868 ingentibus
754 3759 851 3842 aufis
870 3758 1066 3852 excidisse,
1096 3757 1163 3841 ubi
1183 3786 1261 3838 non
1281 3758 1392 3840 inde·

219 3917 310 3978 core
328 3891 529 3978 decertasse
546 3892 602 3974 est
620 3893 911 4003 quodammodo
928 3892 1118 4006 triumphi
1140 3889 1268 3975 instar.

287 4024 469 4110 Maxime
500 4025 640 4110 vellem
671 4053 738 4110 me
769 4023 866 4122 hoc,
906 4027 1012 4137 quod
1043 4023 1164 4107 sentio
1195 4049 1317 4132 quam
1347 4020 1395 4104 fit

225 4163 457 4259 maximum,
475 4161 638 4276 potuine
650 4189 729 4248 non
748 4180 830 4244 tam
842 4162 959 4246 sterili
968 4160 1176 4247 verborum
1189 4158 1393 4271 praeconio,
1477 4276 1481 4285 .

224 4325 341 4409 quent
359 4301 541 4416 exemplo
559 4301 845 4390 commendare.
889 4303 1044 4387 Verum
1070 4325 1164 4384 cum
1189 4298 1246 4380 ita
1272 4323 1331 4378 res
1349 4296 1394 4374 srt
1544 4318 1547 4327 ’

1173 4443 1395 4538 comparata
