3509 5175
357 656 437 741 fato
456 653 629 741 carmina
642 656 690 741 ab
706 660 868 744 interitu
881 663 1089 745 vindicare.
1118 662 1175 743 At
1188 687 1278 746 vero
1292 678 1374 746 tam
1388 662 1537 761 multa,

355 816 439 881 tam
469 798 614 881 diversa
641 814 794 911 genere,
824 804 974 886 tamdiu
996 800 1130 885 omissa
1150 820 1334 915 repetere,
1362 804 1403 883 bc
1421 802 1540 914 quasa
1597 865 1598 880 ,

356 926 505 1044 disjecti
524 936 701 1018 membra
719 956 838 1045 poetae
858 958 940 1020 tam
958 938 1077 1050 longe
1089 940 1247 1048 lateque
1266 938 1442 1020 distracta
1465 966 1539 1020 re·
1597 1009 1598 1014 r

356 1073 551 1179 colligere,
580 1074 758 1154 mutilata
779 1074 986 1170 restituere,
1014 1078 1320 1186 Epigrammata,
1341 1077 1382 1156 bc
1398 1071 1440 1155 id
1456 1104 1540 1185 ge·
1597 1185 1598 1188 p

357 1216 428 1281 nus
448 1203 622 1283 difficiles
643 1232 763 1315 nugas
783 1211 997 1301 retractare,
1026 1209 1075 1289 ad
1095 1208 1216 1289 varios
1235 1207 1396 1288 demum
1414 1208 1539 1317 inge-

357 1338 511 1419 niorum
531 1343 579 1421 de
597 1345 786 1423 momenti
808 1342 959 1424 levioris
973 1373 1013 1425 re
1028 1363 1227 1453 utcunque
1245 1342 1441 1452 eleganter
1452 1342 1538 1423 las-

358 1476 586 1557 civientium
605 1475 705 1557 lusus
726 1479 963 1574 descendere,
1002 1481 1043 1561 in
1070 1502 1152 1562 tam
1181 1478 1392 1589 multiplici
1416 1477 1540 1561 fimul
1597 1459 1598 1466 Ν

360 1616 399 1693 ac
420 1617 575 1698 minuto
594 1618 723 1698 labore
742 1620 877 1701 versari
896 1648 975 1700 non
992 1618 1123 1700 hercle
1147 1618 1296 1699 vacavit
1315 1612 1430 1709 mihi,
1458 1642 1540 1695 ne-

360 1746 437 1861 que
454 1756 581 1837 libuit.
623 1756 772 1838 Verum
800 1756 841 1839 id
869 1759 1016 1866 negotii
1034 1760 1089 1838 ita
1106 1758 1236 1868 potius
1254 1756 1303 1835 ad
1321 1781 1387 1835 me
1406 1751 1539 1863 perti-

361 1921 451 1973 nere
469 1872 575 1992 senfi,
600 1914 641 1976 ut
662 1925 733 1977 nec
753 1896 865 1991 nihil,
887 1894 958 1978 nec
976 1898 1108 1979 omnia
1126 1890 1225 1976 mihi
1244 1914 1421 2001 putarem
1437 1917 1542 1972 con·

360 2027 551 2123 ficienda;
583 2061 660 2112 non
680 2052 726 2115 ut
745 2061 794 2113 ex
812 2033 972 2114 materie
991 2019 1247 2141 undecunque
1270 2031 1418 2111 corrasa
1437 2028 1539 2136 justi

361 2162 569 2246 voluminis
589 2166 711 2245 moles
730 2162 889 2245 conflari
907 2165 1041 2275 pollet,
1069 2164 1131 2246 sed
1152 2182 1196 2245 ut
1216 2162 1334 2243 instar
1350 2162 1539 2243 omnium
1597 2199 1598 2218 2

359 2322 481 2403 pauca
499 2297 677 2405 quaedam
699 2298 868 2377 melioris
891 2316 990 2378 notae
1007 2296 1183 2406 congesta
1199 2292 1423 2406 proferrem.

415 2432 478 2515 En
496 2466 599 2544 ergo,
630 2465 716 2545 quae
738 2460 850 2517 tuum
864 2436 932 2522 fibi
946 2462 1087 2517 nomen
1102 2434 1361 2550 praescriptum
1378 2450 1538 2540 gerunt,

360 2587 587 2674 poematum
616 2569 837 2661 deleelum3
869 2596 1004 2650 eorum
1031 2556 1221 2681 praecipue
1248 2593 1333 2678 quae
1353 2564 1557 2648 videntur

360 2708 572 2816 operosrora
589 2711 628 2788 bc
647 2710 807 2818 proinde
827 2709 957 2790 minus
975 2708 1167 2817 vulgaria:
1196 2708 1360 2816 gratiam
1380 2701 1539 2786 fortaffe

361 2841 532 2948 aliquam
551 2840 629 2949 ipsa
648 2841 797 2920 novitas
821 2839 1057 2933 conciliabit,
1086 2833 1258 2951 pretium
1285 2855 1387 2920 certe
1405 2837 1538 2948 quod·

362 2973 454 3054 dam
485 2975 525 3054 oc
556 2975 843 3055 venerationem
874 3003 1045 3084 arrogare
1078 2976 1194 3056 debet
1220 2974 1287 3055 illa
1315 2977 1539 3085 argumenti

301 3116 319 3216 J
361 3105 537 3188 saunitas
558 3127 675 3202 tanta,
706 3107 778 3218 piis
799 3105 1098 3217 Christianisquo
1123 3102 1277 3189 auribus
1303 3107 1538 3219 digniffima,

361 3243 484 3352 qualis
513 3229 666 3352 insuper
693 3241 865 3323 hominis
889 3240 1086 3349 Theologi
1116 3241 1278 3350 legentis
1311 3241 1385 3322 five
1415 3241 1538 3326 etiam

237 3350 240 3356 ¹
362 3374 559 3454 scribentis
577 3401 685 3456 curas
705 3402 783 3454 non
804 3373 882 3453 fine
900 3373 1029 3454 fruelu
1042 3353 1269 3454 exercuerit.
1296 3375 1350 3454 Et
1362 3372 1540 3483 profecto

307 3497 319 3599 l
364 3503 488 3618 liquid
507 3511 668 3591 omnino
693 3509 918 3620 praeclarum
945 3509 986 3588 dc
1011 3506 1236 3590 admirabile
1262 3511 1304 3590 in
1332 3507 1369 3588 se
1395 3507 1540 3592 habeat
1597 3578 1598 3585 r

314 3622 318 3643 ¹
364 3651 439 3727 Ars
454 3645 623 3739 Poetica,
644 3648 746 3757 quod
765 3645 880 3757 poffit
894 3644 1070 3726 animum
1084 3645 1355 3728 sententiarum
1368 3645 1540 3755 pondere
1597 3648 1598 3655 '

364 3787 405 3865 bc
424 3783 587 3894 fulgore,
617 3803 681 3864 aut
698 3783 919 3890 imaginum
936 3779 1254 3862 vividiflimarum
1274 3783 1459 3863 varietate
1488 3783 1541 3863 il-

268 3901 285 3996 s
364 3917 571 4009 luminare,
599 3916 820 4027 percellere,
849 3913 1051 4008 deletlare,
1068 3913 1129 3994 vel
1147 3911 1307 3994 affeous
1321 3915 1483 3996 demum
1497 3916 1541 3996 in

362 4059 524 4131 ‘omnem
545 4067 696 4158 partem
716 4045 879 4129 mirifice
896 4071 1157 4140 commovere,
1187 4047 1228 4127 id
1246 4075 1378 4143 omne,
1413 4075 1543 4157 quan·

366 4203 455 4264 tum
479 4203 672 4293 quantum
698 4183 765 4278 est,
794 4179 1064 4299 complebitur
1089 4181 1192 4262 sacra
1218 4179 1286 4264 illa
1308 4181 1425 4293 plena
1451 4179 1542 4266 Deo

367 4307 539 4406 diffante
557 4323 710 4433 pagina,
739 4317 1019 4427 auctiusque&
1037 4318 1217 4403 illustrius
1239 4320 1400 4406 exbibet'
1421 4319 1543 4402 uber·

1463 4473 1545 4542 tate
