3509 5175
648 424 949 577 [rao]

201 659 306 755 dau,
322 652 536 773 propositio,
558 657 695 743 lumen
712 656 871 771 aliquod
879 652 1136 769 praeserremr
1163 654 1219 739 ita
1237 673 1282 741 nt
1297 656 1372 767 Ju-

201 810 334 876 ventus
358 790 479 878 restra
502 793 739 898 Academica
765 793 813 879 ad
840 790 1136 901 exemplarium¹
1154 794 1372 877 Graecrrum

201 930 467 1043 imitationem.
477 931 718 1027 excitaretur,
738 946 853 1042 atque
871 947 915 1013 ut
932 928 973 1009 in
988 925 1131 1010 Grecis
1148 926 1307 1037 perinde
1325 954 1374 1031 ao

202 1062 354 1147 Mittis
365 1068 394 1122 ⁴⁸
413 1065 512 1177 styli,
528 1068 608 1176 qui
625 1067 787 1177 quidem
806 1064 861 1152 cst
881 1062 1036 1173 optimus
1053 1064 1098 1144 sd
1119 1058 1371 1173 prastartiffl·

203 1221 281 1275 mor
304 1194 449 1279 dicendi
478 1196 621 1309 tfflssor
647 1225 693 1279 ac
717 1194 901 1307 magister,
940 1194 1165 1279 exercitatio
1192 1190 1373 1300 frequens

203 1325 460 1412 adhiberetur.
504 1328 596 1413 Hoc
618 1329 659 1411 id
682 1330 811 1441 ipsum
830 1329 885 1414 est
905 1328 1012 1439 quod
1041 1327 1157 1413 unice
1183 1324 1372 1419 defidero,
1465 1307 1467 1312 ’

203 1466 323 1573 quod,
349 1494 444 1551 cum
467 1468 601 1579 magni
624 1468 671 1549 fit
694 1467 851 1562 laboris,
878 1495 981 1579 quem
1002 1464 1171 1577 plerique
1185 1460 1372 1571 sugimus,
1457 1464 1464 1474 '

204 1607 321 1689 sentio
334 1634 358 1687 a
371 1606 562 1718 plerisque
575 1609 841 1719 praetermitti:
866 1606 972 1718 quod
988 1625 1133 1701 tamen,
1147 1630 1240 1685 curn
1257 1628 1372 1711 mag·

204 1743 310 1825 nisit
334 1745 544 1837 momenti,
571 1746 654 1827 imo
680 1746 721 1827 bc
754 1744 796 1827 id
825 1744 967 1855 ipsum,
998 1770 1047 1825 ex
1076 1769 1157 1852 quo
1183 1738 1374 1849 praecipue

203 1872 335 1955 bacin
355 1875 553 1985 disciplina
571 1875 737 1957 efficitur
753 1874 986 1985 aanrnrym,
1013 1874 1101 1955 ideo
1121 1868 1374 1953 adolescenti-

205 2006 274 2089 bur
293 2006 426 2090 vestris
443 2009 552 2089 omni
569 2036 685 2123 opera
702 1991 970 2091 commendari
997 2008 1071 2089 five
1096 2005 1277 2116 imperari
1304 2032 1372 2085 ve·

206 2140 287 2219 lim.

257 2271 444 2355 Dolorem
467 2274 568 2368 sane,
595 2275 704 2385 srquo
728 2294 794 2357 aut
814 2274 896 2357 sato
916 2272 1052 2367 vestro,
1078 2272 1185 2381 srqua
1203 2272 1277 2353 five
1296 2268 1375 2351 dis·

204 2405 377 2487 centium
396 2404 472 2485 sive
492 2406 611 2487 etiam
630 2407 856 2489 docentium
873 2406 988 2515 culpa
1007 2403 1228 2512 contigerit,
1258 2418 1303 2483 ut
1322 2399 1373 2483 li·

207 2553 374 2619 terarum
390 2538 611 2620 Graecarurr
629 2537 753 2620 studia
769 2539 873 2649 apud
889 2563 953 2620 vos
973 2534 1293 2642 consenescerent.
1322 2532 1378 2616 Et

207 2691 306 2756 certe
324 2671 436 2754 vobis
453 2690 568 2784 turpe
586 2675 773 2794 quiddam
803 2678 842 2756 bc
860 2676 949 2784 jure
974 2673 1205 2786 pudendum
1222 2671 1378 2754 videre·

208 2833 279 2908 tur,
307 2814 350 2907 si,
379 2841 460 2924 quo
476 2813 585 2924 plura
602 2813 822 2896 accesserint
841 2813 1076 2920 adjumenta,
1105 2839 1152 2892 eo
1170 2810 1296 2918 magis
1313 2809 1377 2888 in·

208 2947 389 3030 dustriam
408 2947 516 3029 vobis
534 2948 717 3058 languere
732 2948 973 3058 pateremini.
1015 2941 1180 3050 Utinam
1194 2943 1273 3036 illa,
1292 2966 1379 3023 ver·

207 3079 345 3164 borum
362 3077 514 3161 facibus
530 3080 711 3173 admotis,
731 3079 972 3190 aliquatenus
993 3107 1095 3162 atne
1112 3071 1319 3162 resuscitari
1338 3077 1379 3160 bu

248 3331 266 3367 ⁹
285 3330 332 3392 M.
347 3327 389 3391 Τ.
402 3329 440 3390 C.
461 3327 506 3392 De
519 3330 644 3400 Oratore,
663 3329 716 3392 lib.
734 3331 757 3391 i.

210 3425 361 3486 Periodtun
383 3409 534 3501 integram,
554 3443 621 3503 curn
641 3425 755 3484 adrem
768 3425 891 3484 nostram
905 3422 1002 3494 saciat,
1022 3422 1220 3502 transcriptam
1241 3419 1381 3482 exhibere
1425 3470 1427 3473 .

210 3519 289 3580 iiber.
324 3517 454 3598 “Caput
471 3533 566 3578 autem
586 3518 637 3588 ess,
661 3519 752 3598 quod,
772 3533 805 3577 ut
825 3539 891 3580 vere
913 3519 1018 3590 dicam,
1038 3519 1159 3578 minime
1171 3518 1303 3590 facimus,
1325 3518 1381 3594 (esc

210 3617 229 3656 ⁸⁴
238 3611 317 3668 enim
332 3607 430 3685 magni
442 3606 549 3668 laboris
563 3628 650 3686 quem
662 3609 794 3691 plerique
806 3610 945 3688 fugimus)
965 3629 1053 3690 quam
1066 3611 1225 3690 plurimum
1239 3607 1380 3674 scriberet

211 3709 229 3738 ⁸⁴
239 3703 327 3784 Stylar
337 3705 447 3782 oprimur
457 3698 493 3763 δ’
511 3703 734 3780 praestmtifflrrus
744 3705 847 3764 dicendi
861 3705 967 3780 effemr
978 3700 1014 3763 ὅ
1028 3707 1158 3782 magister.
1179 3703 1286 3783 Neque
1300 3701 1380 3781 inju-

210 3801 228 3830 ⁴‘
240 3795 298 3866 riar
320 3815 389 3856 nam
402 3793 423 3852 fi
438 3791 560 3852 subitam
570 3797 598 3851 ἀ
608 3794 758 3854 fortuitam
767 3795 938 3855 Orationem
949 3797 1188 3854 commentatio&
1199 3795 1327 3872 cognitio
1338 3794 1382 3852 fa·

211 3887 293 3944 “tile
306 3886 412 3956 vincit,
430 3885 505 3948 banc
523 3884 583 3965 ipsa
603 3887 732 3967 profesio
754 3889 904 3948 assiduare
922 3888 1046 3968 diligens
1060 3889 1207 3970 Scriptura
1221 3886 1380 3968 superabit.

211 3979 349 4040 “Omnee
363 3978 455 4050 enim,
468 3977 524 4038 sive
538 3980 605 4039 artis
619 3979 673 4039 smt
684 3981 767 4052 Loci,
780 3980 836 4040 sive
849 3979 959 4059 ingenii
980 3981 1127 4062 cujusdam
1149 3997 1235 4062 atque
1253 3979 1382 4059 pruden-

211 4073 300 4142 Μὴ.
321 4072 374 4152 qui
392 4072 481 4134 modo
500 4071 598 4134 insunt
616 4072 649 4132 in
666 4094 700 4132 ea
713 4093 744 4133 re
758 4073 794 4133 de
809 4094 866 4155 qna
879 4074 1043 4146 scribimur,·
1060 4073 1276 4155 inquirentibnr
1295 4071 1381 4132 nobie

211 4164 379 4244 “omnique
392 4164 455 4224 acie
467 4164 579 4242 ingenii
593 4166 1018 4246 contemplantiburcstendunt
1032 4166 1060 4228 se
1076 4182 1105 4238 et
1122 4180 1299 4236 occurruntr
1319 4181 1383 4248 ont·

212 4259 232 4286 “
242 4252 347 4334 nesqne
361 4251 510 4314 sententiae
523 4255 670 4334 uerbaque
681 4256 789 4326 omnia,
809 4276 874 4336 quae
889 4255 953 4316 sunt
971 4256 1110 4337 cujusque
1128 4255 1240 4336 generir
1258 4253 1384 4315 maxime

210 4346 370 4419 “illustriat
382 4345 435 4408 sub
448 4367 571 4410 acumen
585 4348 649 4428 styli
662 4346 782 4409 subeant
800 4354 828 4408 o
845 4348 997 4411 succedant
1015 4353 1124 4412 neeesse
1142 4351 1191 4412 est.
1221 4348 1303 4409 Tum
1323 4343 1384 4426 ipsa

211 4441 394 4509 “collocatio
407 4447 434 4506 dr
445 4444 639 4511 conformatio
650 4443 805 4508 uerborum
817 4445 968 4527 perficitur
981 4445 1014 4510 in
1027 4442 1208 4521 scribendo?
1228 4447 1282 4504 &c-
1351 4518 1355 4526 ¹

1225 4557 1385 4648 accendi
