3509 5175
655 430 687 576 1
750 455 822 570 :tr
877 436 918 580 -=]

216 658 343 744 Multa
359 650 470 773 super
481 659 597 744 sociis
614 640 783 744 recolena
800 669 846 745 et'
858 641 1019 747 Prende
1029 664 1174 761 multa,

215 831 267 910 Et
283 831 427 912 Promo
443 829 565 941 super,
594 849 715 942 atque'
730 806 870 942 Coqua
889 833 1086 942 veterique
1107 833 1266 931 eulina,

213 999 506 1110 iit-quorum
522 1024 609 1110 pars
628 1000 770 1108 magn'a
788 987 1154 1110 suits-Juvenum·
1165 1020 1255 1086 atas
1287 1051 1292 1062 x
1334 1023 1377 1090 40

212 1167 311 1272 Juffa
329 1169 451 1249 redita
479 1170 677 1278 vitamque
692 1170 804 1277 juvat
817 1159 1003 1260 'renovare
1021 1173 1200 1281 priorem.

265 1336 375 1416 Talia
395 1336 511 1431 adest,
538 1339 683 1418 nostros
703 1338 858 1446 praesens
876 1368 1013 1422 ornare
1031 1337 1245 1465 piumphos,
1289 1415 1292 1420 .
1351 1388 1464 1502 ΝΗ

1426 1457 1449 1540 f

213 1503 367 1586 Publica
384 1507 509 1586 veraci
527 1505 803 1587 commendans
823 1507 964 1614 gaudia
981 1507 1128 1620 plausu.

213 1672 299 1754 Non
316 1674 391 1755 Illo
408 1673 547 1755 melior
565 1673 767 1784 quisquam
786 1644 859 1756 nec
877 1677 1070 1757 amantior
1086 1673 1220 1787 hospes
1349 1715 1352 1722 ·

215 1836 271 1918 Te
286 1839 411 1922 studio
429 1844 579 1953 potiore
597 1847 703 1939 colit,
733 1844 967 1956 Rhedycinas
995 1845 1157 1926 viciffim
1240 1871 1243 1895 ¹
1333 1867 1373 1932 45

214 1993 314 2088 Huic
335 2011 416 2103 Tu,
444 2009 558 2120 fiquis
575 2010 698 2093 honos
715 2013 866 2123 pietatis
886 1997 1071 2121 amorque
1093 1971 1237 2108 decori,

212 2171 313 2258 Huic
332 2177 490 2260 affunde
507 2181 623 2262 decus
641 2151 769 2292 capiti,
796 2163 1020 2292 famamque
1039 2203 1147 2264 tuere

213 2347 376 2445 illusam,
405 2355 504 2434 sacra
523 2354 754 2463 praecingens
775 2373 951 2490 tempora
969 2354 1093 2436 lauru

213 2519 260 2603 Et
277 2523 358 2621 Τιι,
388 2523 515 2619 Musa,
544 2527 609 2645 pio
625 2525 787 2643 longum
807 2517 963 2612 desueta
981 2521 1193 2609 labori

213 2686 387 2801 Degener
403 2711 442 2774 et
460 2692 610 2787 lasciva,
634 2719 840 2803 parumper
858 2691 959 2781 casta
979 2691 1095 2803 revise
1151 2674 1236 2785 ⁸.
1337 2680 1378 2781 ἑο

213 2842 360 2929 Limina
380 2831 626 2957 templorum,
655 2868 696 2929 et
716 2875 871 2932 mecum
877 2866 978 2965 pete
997 2847 1089 2969 seria
1107 2872 1249 2937 rerum,

213 3013 494 3125 Materiemque
513 3043 677 3095 novam.
717 3015 779 3095 sed
800 3043 919 3151 quam
936 3013 1146 3094 laudaverit
1162 3011 1241 3121 ipse

214 3168 430 3265 chancer-us,
459 3199 681 3281 quanquam
700 3134 913 3251 monachos
932 3143 1124 3250 vexaverit
1142 3167 1259 3269 hpstis

215 3320 388 3405 Mordaci
403 3322 526 3407 satira
542 3370 598 3389 -·
611 3324 698 3403 Nec
716 3325 787 3403 erit
801 3343 838 3405 te
857 3322 1010 3431 dignior
1028 3323 1121 3416 ulla,

212 3480 336 3588 Qam
353 3508 438 3607 quae
457 3481 663 3591 praescribit
682 3483 935 3589 reverendum
954 3482 1095 3591 pagina
1112 3505 1269 3561 nomen.
1332 3501 1370 3567 55

215 3646 249 3725 Si
268 3614 418 3728 dederit
436 3624 584 3757 primus
605 3646 677 3727 tibi
697 3675 831 3728 vocem
851 3668 1051 3757 artemque
1073 3614 1266 3737 Sacerdos,

215 3809 455 3895 Carminibus
473 3811 666 3892 celebrans
685 3812 815 3924 laudes
836 3811 1124 3920 hominumque
1142 3792 1350 3917 Deirmque
1360 3839 1374 3898 3

215 3978 315 4061 Huic
335 3997 457 4059 artem
476 4004 689 4087 vocemque
709 4004 874 4071 memor,
903 3978 966 4058 sua
985 3978 1098 4071 dona,
1128 3974 1308 4102 repende,

216 4138 366 4249 Semper
383 4136 617 4217 honoratum
634 4138 782 4218 servans
801 4139 841 4217 in
861 4137 994 4216 saecula
1012 4161 1166 4238 nomen.

169 4333 173 4344 ’
265 4294 414 4379 Ofelix
431 4294 563 4387 studii,
582 4294 660 4403 'qui
679 4322 757 4375 non
776 4293 937 4403 ingloria
958 4293 1054 4371 ruris
1334 4291 1377 4351 ⁶0

523 4471 563 4532 60
583 4474 726 4535 Sacerdotis
738 4472 842 4550 Rustici
853 4470 912 4532 laus
925 4466 1064 4549 generalis.

1143 4553 1147 4559 ‘'
1243 4558 1246 4562 ·
1280 4534 1376 4622 Otia
