3509 5175
827 384 853 524 [
925 375 1018 489 2'62
1094 385 1117 526 ]
1252 429 1257 442 ·

440 607 590 690 Interea
617 607 737 719 quim
766 607 867 692 mihi
895 612 1038 722 plaudo
1068 608 1151 692 haec
1178 605 1456 726 qualiacunque
1471 620 1540 700 cir-

385 742 657 854 cumspiciens,
883 791 887 798 ·
1233 835 1237 840 ,

553 955 665 976 --
676 881 867 996 manuurn
885 913 1122 995 monimenta
1143 941 1332 1012 mearum,
1561 994 1562 1064 Ν

443 1077 636 1164 Arboreos
655 1081 730 1162 late
750 1081 878 1177 foetus,
908 1084 948 1163 ἃ
967 1109 1119 1162 amoena
1137 1084 1270 1177 vireta,
1349 1063 1353 1077 ³

442 1245 642 1330 Hortensii
662 1251 791 1360 tuguri
807 1251 1032 1361 congestum
1052 1250 1232 1332 stramine
1252 1253 1418 1346 tectum,

441 1415 569 1498 Dulce
588 1420 833 1502 domicilium
852 1419 1048 1514 scribenti,
1077 1421 1191 1502 dulce
1212 1419 1373 1530 legenti.

444 1583 525 1667 ch
544 1589 683 1668 tacitus
704 1590 869 1670 meditor
887 1588 991 1697 quod
1011 1591 1161 1699 iniquas
1179 1589 1344 1697 peetoris
1363 1589 1456 1710 egri

442 1751 689 1866 Tranquillet
704 1785 829 1858 eures,
857 1759 896 1835 δε
916 1784 980 1836 me
999 1755 1097 1837 mihi
1117 1756 1249 1839 reddat
1267 1756 1453 1838 amicum.

388 2000 499 2083 Subit
531 2004 677 2086 interea
703 2004 966 2092 Horatianum
998 2003 1094 2085 illud
1123 1992 1150 2085 't
1182 2032 1222 2085 re
1253 2001 1354 2086 haud
1388 2005 1564 2096 alienum}

389 2134 490 2214 meu

442 2280 534 2360 Hoc
553 2300 633 2360 erat
652 2280 692 2359 in
713 2279 837 2360 votis:
868 2280 1009 2362 modus
1030 2282 1111 2390 agri
1130 2279 1208 2360 non
1226 2279 1283 2360 ita
1302 2305 1484 2388 magnus,

443 2446 594 2528 Hortus
617 2450 695 2541 ubi,
724 2450 763 2526 δε
784 2413 885 2528 tetro
906 2451 1051 2532 vicinus
1073 2450 1179 2560 jugis
1198 2474 1305 2558 aquae
1324 2445 1426 2544 sons,

330 2610 335 2633 ¹
443 2619 498 2698 Et
515 2618 676 2727 paulum
697 2617 806 2727 sylvae
824 2617 1015 2729 superbis
1034 2597 1135 2699 foret
1149 2615 1281 2699 -hic
1301 2646 1389 2727 ego,
1409 2620 1541 2711 Flacci,

347 2734 350 2746 Ι
442 2783 495 2865 Et
512 2786 655 2866 vivo&
674 2814 794 2895 regno
810 2805 942 2867 tecum
952 2823 965 2878 ς
995 2787 1109 2867 fimul
1128 2787 1198 2866 ista
1216 2786 1355 2896 reliqui

443 2953 508 3033 Ad
527 2953 671 3062 coelum
691 2983 931 3065 quaecunque
951 2954 1079 3035 ferunt
1099 2980 1253 3037 rumore
1272 2954 1443 3045 secundo

443 3123 618 3219 Semiviri
638 3121 845 3234 Nymphae,
877 3122 1130 3235 foemineique
1149 3122 1249 3213 viru

552 3343 731 3451 Tharnejis
750 3344 847 3453 ripas
866 3370 985 3452 prope
1004 3346 1098 3425 M.
1131 3401 1140 3419 .
1170 3402 1180 3421 .
1209 3372 1235 3423 a

457 3582 459 3592 y
554 3477 612 3556 Sit
633 3504 725 3557 meae
742 3469 938 3584 quondam
959 3476 1107 3584 requies
1128 3474 1294 3566 seneClae,

556 3614 611 3694 Sit
631 3614 767 3693 modus
786 3610 877 3691 lasso
895 3612 1017 3721 pedis,
1044 3613 1084 3691 oe
1102 3608 1254 3704 caballi,
1276 3606 1280 3619 ’
1368 3589 1372 3593 ’

668 3750 948 3859 Remigilque!

557 3885 628 3964 Ille
650 3906 836 3966 terrarum
857 3882 957 3965 mlhi
975 3882 1113 3997 praeter
1130 3910 1267 3966 omues
1324 3918 1331 3925 ·

555 4021 874 4131 ⁴Angulus---⁴

390 4239 449 4319 At
466 4238 565 4320 mihi
582 4242 668 4348 jam
685 4242 790 4323 illico
809 4241 989 4352 Cynthius
1008 4270 1141 4324 aurem
1160 4239 1278 4333 vellit,
1297 4238 1339 4319 δι
1356 4238 1543 4341 incompo

389 4371 464 4467 lllae
484 4376 664 4468 orationis
683 4376 742 4459 viri
762 4375 919 4459 ulterius
939 4374 1183 4487 divagantem
1196 4374 1356 4459 Flaccus¹
1373 4362 1541 4451 destituit.

355 4521 365 4539 ”
1456 4496 1544 4605 Ergo
