3509 5175
646 390 672 532 [
742 403 836 528 2⁶5
908 397 940 536 l

205 613 377 713 licentia,
408 617 461 713 δι,
489 615 645 728 qualem
677 618 770 701 alibi
798 619 935 702 frustra
955 619 1167 732 quesieris,
1195 651 1243 706 ex
1270 627 1384 715 omni

208 754 518 867 quaquaversum
530 755 738 839 Britannias
755 757 955 867 congestus
970 785 1164 868 nugarum
1181 761 1383 869 splendor?

208 933 326 955 --
343 891 502 1001 Singula
527 893 796 1001 circumspicio
824 896 1021 978 insidiante
1041 898 1134 1006 vigil
1161 899 1287 992 oculu,
1315 899 1384 977 ille

209 1049 302 1132 ego,
330 1051 450 1134 quem
470 1023 582 1118 nosti,
612 1024 765 1134 elegans
786 1024 999 1108 formarum
1018 1030 1222 1138 spedator.
1269 1032 1386 1136 Juvat

209 1153 338 1234 modo
355 1153 525 1234 Bellulos
542 1155 641 1234 inter
661 1155 899 1266 Bellulasque
918 1162 1163 1254 commorari,
1192 1161 1385 1246 confabu-

209 1291 383 1373 lantibus
413 1292 600 1373 affistere:
645 1290 760 1372 Vah!
800 1291 917 1401 quim
949 1293 1019 1372 fibi
1048 1295 1202 1403 placent
1235 1323 1386 1389 omnes,
1448 1309 1451 1316 ’

211 1431 398 1524 arrident,
428 1429 710 1539 plauduntque,
739 1427 870 1510 felices
898 1459 1025 1512 errore
1053 1431 1144 1511 suo!
1189 1434 1227 1512 Ο
1256 1436 1387 1515 beatos

210 1561 375 1670 lepores,
405 1557 606 1668 facilesque
625 1559 702 1639 fine
721 1571 853 1640 mente
871 1559 1050 1644 facetias!
1084 1561 1215 1670 proh!
1243 1581 1387 1673 quanta

194 1700 343 1810 species
360 1699 545 1781 cerebrum
563 1729 632 1782 non
653 1696 791 1780 habet!
962 1807 966 1816 Ι

273 1834 380 1940 Ergo
399 1834 446 1912 ad
467 1832 625 1917 alteram
644 1852 793 1941 partem
812 1835 986 1926 transeo;
1007 1829 1141 1914 verbm
1157 1832 1211 1912 ibi
1231 1858 1389 1942 quoque

214 1984 426 2046 occurrunt
445 1965 579 2060 iidem,
608 1967 647 2045 δε
666 1966 838 2058 eaedem;
882 1964 1025 2044 diversa
1053 1966 1227 2073 quidem,
1257 1963 1320 2044 sed
1348 1965 1388 2043 bc

214 2099 353 2177 eadem
390 2099 626 2207 ineptiarum
657 2095 785 2176 facies.
840 2096 894 2176 Et
923 2095 1007 2176 sane
1041 2097 1228 2205 quicquid
1261 2095 1389 2178 ubivis

215 2230 469 2341 spectabatur,
509 2250 574 2311 aut
610 2230 850 2323 audiebatur,
897 2230 1072 2310 foeminei
1105 2250 1188 2310 erat
1224 2229 1388 2337 generis.

214 2361 369 2443 Verum
388 2362 583 2442 interdurn
601 2360 713 2441 subiit
736 2360 882 2469 aliquid
909 2361 1014 2468 quod
1038 2361 1205 2440 curiosus
1225 2362 1390 2441 miretur

211 2493 366 2606 hospes,
395 2493 641 2603 ingeniorum
662 2491 817 2601 perinde
837 2519 881 2571 ac
900 2491 1116 2572 formarum
1138 2493 1387 2587 concertatio,

214 2630 258 2709 bc
279 2626 472 2709 ae'mulatio
492 2629 605 2737 plane
633 2626 793 2707 ridicula
807 2663 820 2720 ;
835 2670 890 2689 -
909 2624 1014 2703 mille
1042 2625 1259 2719 lenocinia,¹
1278 2625 1389 2706 mille

210 2761 395 2873 placendi
416 2761 584 2854 artificia,
599 2805 654 2819 -
667 2759 872 2868 obliquum
891 2758 1115 2838 meditantis
1136 2760 1258 2839 ictum
1276 2757 1389 2840 ocelli

211 2880 376 2975 mobilis
395 2895 620 3003 petulantia,
634 2910 851 2972 -retortae
870 2891 1026 2970 cervicis
1044 2891 1255 3000 composrta
1263 2892 1388 3001 jadia-

214 3030 289 3121 rio,
303 3072 361 3090 -
374 3031 536 3111 delicata
548 3028 786 3109 &fastidiosa
802 3028 996 3120 mollities,
1009 3072 1065 3087 -
1077 3025 1204 3107 vultus
1224 3046 1290 3107 aut
1309 3027 1388 3108 ves·

212 3159 310 3256 titire
329 3163 472 3244 laudari
498 3162 647 3242 conscia
664 3160 850 3269 dignatio,
862 3201 919 3219 ·-
933 3162 1155 3270 importune
1175 3160 1298 3240 faceta
1317 3187 1389 3241 vo-

212 3294 407 3389 ciferatio,
422 3341 479 3359 -
496 3298 535 3375 &
556 3276 733 3406 improba
761 3292 851 3374 risbs
873 3294 974 3372 male
996 3293 1165 3401 castigati
1184 3285 1386 3403 protervia.

212 3426 284 3511 En
317 3428 389 3509 tibi
421 3427 653 3536 puellarum,
689 3453 788 3535 pene
821 3426 1001 3517 dixerim,
1034 3422 1413 3533 Encyclopaediar'n,·

213 3560 309 3653 five,
346 3577 461 3670 prout
490 3560 649 3638 nomine
678 3554 769 3636 fisto
801 3556 1063 3665 appellaveris,
1103 3556 1388 3667 Coquettriam!

211 3686 318 3799 proh
336 3686 344 3765 !
374 3707 525 3796 quantae
545 3686 599 3766 est
617 3687 731 3766 instar
748 3685 869 3766 laudis
888 3704 970 3765 tam
989 3684 1183 3794 splendide
1201 3687 1388 3799 ineptire!

215 3863 332 3885 -·-
346 3838 385 3899 at
404 3818 634 3898 defideratur
653 3818 821 3923 interim,
849 3819 954 3925 quod
970 3817 1025 3895 vir
1043 3817 1168 3897 bonus
1188 3814 1388 3927 &sapiens

213 3944 456 4029 laudaverit:
498 3972 574 4027 una
601 3964 660 4025 tot
686 3946 729 4025 in
759 3945 930 4026 millibus
949 3943 1086 4028 frustra
1110 3948 1291 4053 quaritur
1310 3956 1386 4033 AE-

215 4079 333 4160 milia.

277 4206 335 4283 At
364 4201 434 4282 isto
462 4220 566 4283 certe
596 4201 637 4280 in
667 4198 821 4307 angulo,
857 4198 976 4278 ficnbi
1005 4198 1166 4308 uspiam,
1201 4197 1393 4309 sapientiae

217 4337 421 4452 cujusdam
450 4336 709 4448 profundioris
737 4334 879 4446 species
908 4337 1106 4448 reperitur.
1151 4334 1214 4417 En
1242 4335 1396 4416 adversal
1495 4370 1497 4379 ⁴

768 4464 837 4544 Ll
1268 4464 1397 4549 fronte
