3509 5175
806 405 835 547 t
906 403 1097 548 230]

377 645 407 688 ‘t
421 629 524 745 Crispa
550 627 781 740 pomptus?
823 631 926 714 Utut
952 656 1042 713 vero
1069 627 1153 714 haec
1183 627 1270 723 fint,
1304 627 1396 740 quia
1421 655 1556 742 pauca
1590 593 1591 630 Ν

376 766 587 848 admodum
601 770 642 846 in
655 766 732 848 hoc
745 747 938 847 scribendi
949 791 1088 876 genere
1102 764 1279 874 exempla
1292 763 1453 874 reperiri
1468 764 1555 844 sen·

374 907 445 1000 tio,
473 907 561 987 ideo
577 905 760 987 libentius
779 903 862 986 haec
879 902 1007 986 nostra
1024 903 1310 1018 qualiacunque
1332 901 1445 984 vobis
1468 901 1549 982 im·

374 1045 512 1155 portio.
677 1024 684 1042 ’

432 1177 570 1256 Graeca
590 1176 752 1284 quidem
771 1201 863 1255 cum
878 1174 1027 1258 Latinis
1042 1177 1154 1258 fimul
1169 1175 1389 1257 exbibenda
1403 1175 1553 1269 censui,

373 1332 435 1404 ut,
464 1339 549 1421 quae
568 1313 778 1421 disciplinae
795 1313 1018 1394 communis
1038 1315 1216 1422 cognatio
1242 1315 1423 1423 quaedam
1454 1339 1553 1392 con-

371 1435 566 1554 junxerat,
595 1447 737 1552 linguae
757 1446 951 1554 utriusque
970 1445 1094 1528 studia
1121 1447 1326 1527 communi
1356 1473 1480 1556 opera
1505 1445 1553 1524 fi·
1592 1457 1593 1466 ’

374 1579 464 1657 mul
481 1579 693 1658 excolenda
719 1580 1051 1662 commendarem.
1100 1582 1189 1660 Imo
1208 1606 1310 1671 vero,
1341 1578 1470 1685 srquid
1490 1577 1556 1656 ad-

338 1807 344 1824 }
377 1711 602 1794 hortationis
623 1715 757 1793 nostrae
776 1734 841 1829 aut
860 1717 1029 1822 exempli
1050 1716 1213 1796 valuerit
1232 1715 1430 1806 autoritas,
1463 1713 1556 1792 ado-

200 1927 207 1947 ,
335 1824 339 1832 ’
374 1850 559 1928 lescentes
574 1850 828 1930 Academicos
844 1853 891 1930 ad
907 1849 1106 1931 literarum
1120 1852 1311 1962 praecipue
1327 1850 1555 1930 Graecarum
1593 1879 1594 1952 t

379 2004 637 2062 monumenta
656 1983 823 2063 revocari
848 1983 963 2062 velim
976 2021 987 2077 3
1022 2003 1065 2064 ut
1092 1985 1130 2062 in
1162 1983 1239 2066 hoc
1265 1983 1389 2063 laudis
1408 2007 1556 2090 ⁸genere
1593 1961 1594 1976 Ν

343 2099 350 2126 “
379 2115 537 2224 pristina
559 2116 838 2198 Orroniensrum
855 2116 1098 2196 conservetur
1115 2114 1236 2209 fama,
1266 2117 1400 2196 necin
1420 2114 1552 2196 Athe-

383 2257 444 2337 nio
462 2253 565 2336 hisce
585 2255 720 2340 nostris
736 2255 996 2358 ¹desiderentur
1015 2283 1190 2366 unquam
1208 2290 1249 2333 ru
1265 2249 1488 2344 adnotare.

711 2485 822 2500 -
837 2420 918 2520 Vos
947 2440 1183 2552 exemplaria
1201 2439 1337 2522 Graeca

491 2587 697 2669 Nocturna
718 2583 859 2666 versate
878 2613 1012 2679 manu,
1042 2588 1182 2668 versate
1202 2585 1363 2668 diurna!

385 2780 575 2902 Enxvobis
594 2781 700 2889 quod
721 2782 884 2863 Flaccus
910 2782 1031 2865 vester
1058 2779 1162 2867 haud
1190 2781 1329 2865 frustra
1354 2782 1557 2893 precipit!

386 2922 540 3031 Ecquid
569 2923 676 2999 enim
706 2920 780 2999 iuis
807 2922 993 3030 reperitur
1023 2922 1182 3029 usquam
1206 2939 1273 3001 aut
1292 2921 1465 3015 uberius,
1494 2942 1558 3001 aut

377 3042 610 3161 elegantius,
634 3071 703 3134 aut
720 3053 888 3161 denique
904 3052 1197 3163 εμφατικωτερονὲ
1232 3053 1288 3133 Et
1307 3080 1374 3133 vos
1395 3054 1557 3163 quidem

340 3174 346 3185 ⁶
386 3192 428 3269 in
447 3188 521 3267 huc
538 3185 711 3297 prlaestra
729 3186 864 3265 Graeca
883 3187 936 3265 ita
957 3160 1090 3267 versari
1104 3182 1239 3291 jubeo,
1263 3203 1307 3263 ut
1326 3182 1559 3265 lectionibus

387 3318 540 3401 affiduis
557 3319 714 3399 accedat
733 3315 883 3425 insuper
901 3315 1081 3423 frequens
1099 3314 1186 3424 styli
1215 3316 1470 3397 exercitatio:
1518 3338 1561 3397 ut

389 3480 467 3533 non
486 3452 607 3535 modo
626 3448 828 3541 iudustriae,
850 3477 983 3532 verum
1003 3438 1118 3531 etiam
1139 3449 1268 3557 aliqua
1285 3449 1434 3555 ingenii
1454 3478 1559 3559 qure-

329 3613 332 3618 ·
387 3602 494 3663 rat-ur
512 3583 605 3662 iaus.
647 3580 768 3685 Quod
794 3572 1003 3660 Fan'rianus
1033 3578 1167 3659 Strada
1195 3579 1236 3657 iu
1255 3577 1421 3673 Latinis,
1453 3580 1559 3659 idem

388 3743 462 3825 ego
478 3716 521 3795 in
534 3715 681 3795 Graecis
696 3713 919 3793 faciendum
938 3712 1114 3791 arbitror.
1140 3710 1205 3792 Ad
1220 3710 1413 3819 scriptoris
1432 3710 1560 3819 cujus·

388 3850 485 3931 libet
504 3845 648 3927 laudati
662 3846 861 3955 exemplar
873 3845 1093 3957 elaboretur
1107 3844 1191 3951 styli
1205 3842 1493 3929 conformatio:
1520 3844 1559 3925 in

388 3982 670 4094 scriptionibus,
697 3982 860 4091 perinde
888 4010 933 4063 ac
962 3984 1003 4063 in
1025 3981 1210 4074 moribus,
1238 3982 1348 4091 quod
1367 3981 1438 4063 fibi
1453 3982 1560 4090 quis·

390 4140 466 4221 que
484 4110 755 4198 admirandum
771 4111 967 4218 proponit,
986 4110 1169 4221 idipsum
1185 4108 1402 4191 aemulando
1418 4106 1561 4218 affequi

385 4242 548 4349 studeat.
592 4242 796 4351 [ngenium
816 4242 891 4323 alet
911 4241 996 4344 haec
1014 4244 1237 4339 emulati03
1265 4270 1428 4325 acumen
1449 4242 1559 4323 criti-

389 4406 481 4462 cum
500 4376 711 4480 excitabit,
739 4378 778 4462 tc
798 4406 885 4461 vera
903 4380 1043 4465 mentis
1058 4381 1205 4491 judicia
1223 4376 1479 4465 confirmabit.
1518 4378 1563 4459 ln

1483 4508 1558 4595 boc
