3509 5175
616 422 653 607 [⁸.
718 473 819 599 187
884 468 914 609 l

193 698 347 782 demum
364 688 495 775 animo
513 692 561 775 ad
579 690 788 804 legendum
813 676 984 789 accedat,
1014 710 1058 776 ut
1088 693 1188 779 nihil
1217 696 1359 781 huma·
1451 672 1453 680 Ι

193 830 318 911 nitatis
336 826 413 907 ase
433 826 604 907 alienum
629 846 755 937 putet.
810 829 983 937 Qoties.
1009 856 1101 937 ergo
1130 830 1265 911 nostra
1284 836 1361 931 'aut

194 987 279 1068 erga
297 956 478 1039 Parentes
503 959 672 1069 pietatis,
700 978 766 1041 aut
790 950 911 1042 animi
939 988 1037 1075 erga
1058 960 1238 1073 Hospites
1261 963 1363 1073 grati
1404 968 1425 1053 ’,

194 1088 446 1201 benevolique
467 1090 686 1173 testimonia
712 1094 864 1187 viderit,
895 1095 1009 1176 toties
1036 1096 1141 1176 videt
1169 1126 1253 1206 quae
1278 1096 1364 1207 pari

197 1224 364 1334 quodam
383 1226 623 1332 cognationis
644 1228 733 1336 jure
752 1230 800 1309 ad
819 1228 856 1309 se
875 1228 1032 1338 suosque
1049 1231 1280 1312 transferat:
1310 1210 1374 1323 &J

197 1358 380 1465 fiquidem
399 1357 530 1436 indole
548 1359 714 1466 gaudeat
733 1359 941 1441 liberali&
959 1363 1136 1470 ingenua,
1157 1363 1365 1441 virtutibus

197 1489 322 1569 alienis
339 1487 497 1581 favebit,
525 1489 730 1599 laudesque
748 1493 925 1600 agnoscet
943 1490 1041 1573 suas,
1081 1494 1164 1572 Ubi
1182 1493 1282 1573 nihil
1303 1492 1376 1571 as·'

199 1654 294 1737 pere,
321 1624 423 1706 nihil
441 1626 611 1734 maligue
629 1628 779 1708 dierum
797 1624 910 1710 sentit
926 1628 1069 1710 Laetor
1086 1627 1217 1739 aequns
1236 1630 1367 1710 candi·

201 1763 362 1872 dusque,
402 1765 552 1872 parcius
585 1765 763 1845 acumine
791 1753 927 1845 critico
960 1767 1097 1875 scripta
1131 1766 1328 1875 castigabit
1355 1742 1392 1848 2'¹

203 1900 292 2009 quin
320 1899 450 2009 potius
481 1898 673 1979 scribentis
703 1898 904 1980 affectibus
935 1902 1036 1980 ultro
1064 1900 1294 2008 indulgebit,
1325 1916 1369 1978 ut

202 2025 296 2124 suis,
333 2049 450 2139 atque
475 2032 569 2111 adeo
585 2032 941 2139 peregrinationum
960 2059 1104 2125 comes,
1134 2058 1276 2122 rerum,
1305 2029 1367 2107 lo-

202 2192 344 2263 corum,
364 2166 650 2278 hominumque
668 2169 833 2249 historiis
855 2170 1051 2279 descriptis
1067 2168 1240 2247 interesse
1256 2166 1365 2244 vide-

204 2298 316 2396 bitur,
345 2303 385 2382 &
410 2330 504 2389 cum
528 2303 600 2383 illo'
628 2330 705 2384 una
731 2304 893 2384 vicissrm
921 2304 1063 2395 dolere,
1093 2304 1133 2381 de
1162 2300 1299 2389 ridere,
1327 2298 1368 2375 de

207 2432 473 2543 philosophari.
521 2489 524 2496 -
861 2524 866 2531 x

254 2562 324 2645 Me
345 2566 506 2676 quidem
524 2564 752 2649 scribentem
770 2566 896 2647 fateor
912 2593 991 2648 non
1014 2549 1095 2647 tam
1114 2551 1372 2672 expedationi

209 2693 345 2790 alienae,
364 2723 484 2804 quam
498 2700 629 2778 animo
645 2699 740 2809 saepe
755 2699 914 2807 obsequi
929 2725 1041 2788 meo;
1071 2691 1256 2774 &vereor
1271 2693 1373 2784 sane,

209 2859 279 2941 qua
297 2820 397 2914 inre
415 2836 571 2915 difficile
590 2837 646 2915 est
662 2839 825 2918 modum
844 2855 989 2927 tenere,
1017 2863 1066 2914 ne
1092 2836 1306 2913 amicorum
1329 2831 1370 2906 in

210 2973 311 3052 causa
330 2973 475 3054 dicenti
494 2974 599 3081 justo
616 2976 730 3055 latius
751 2976 787 3054 se
803 2975 983 3057 effuderit
1003 2977 1137 3054 oratio.
1185 2971 1281 3049 Noli
1298 2997 1369 3046 au·
1421 3053 1423 3060 ,

211 3126 283 3188 tem
302 3130 499 3220 propterea
525 3109 629 3190 hanc
653 3112 923 3220 exemplorum
953 3091 1370 3190 commemorationem

214 3269 307 3321 ame
324 3243 527 3325 temere&
546 3244 623 3324 sine
641 3244 862 3324 documenti
881 3243 1037 3350 alicujus
1062 3242 1190 3321 frudtu
1218 3238 1373 3317 allatam

214 3381 434 3463 existimare.
481 3382 564 3460 Ubi
591 3409 733 3490 nempe
752 3383 961 3461 Sacerdotis
980 3377 1187 3458 Christiani
1206 3401 1331 3453 mores
1352 3399 1374 3450 a

216 3539 273 3592 me
303 3516 510 3625 descriptos
542 3517 694 3609 videris,
735 3515 791 3595 ibi
823 3514 924 3595 sorte
958 3531 1132 3630 occurret
1170 3509 1371 3618 quiddam,

218 3647 313 3752 quod
342 3648 475 3756 cupias
505 3646 711 3757 aliquando
740 3647 788 3726 ad
817 3646 948 3726 laudes
979 3643 1127 3724 traduci
1165 3660 1261 3721 tuas.
1329 3640 1376 3716 ln

219 3779 377 3858 eundem
392 3805 506 3888 porro
522 3780 688 3871 intuens,
705 3762 926 3893 emeritum,
940 3795 1126 3868 exortem,
1139 3759 1385 3861 indotatum,

219 3907 283 3989 five
299 3912 564 4005 misericordia,
592 3912 667 3991 five
696 3907 963 4019 indignatione
991 3927 1227 3997 commotus,
1257 3902 1376 3981 intel-

219 4043 306 4154 ligas
335 4049 385 4129 ad
411 4075 502 4160 opes
529 4051 569 4129 dc
599 4048 763 4129 bonores
797 4047 1058 4156 adipiscendos
1089 4071 1209 4154 quam
1239 4055 1383 4148 parum'

221 4182 396 4286 profuerit
415 4203 480 4265 aut
497 4184 585 4264 vitae
601 4183 791 4276 sanstitas,
820 4201 888 4263 aut
906 4183 1131 4263 eruditionis
1152 4177 1381 4284 theologicae

221 4321 510 4414 commendatio,
539 4320 567 4400 sr
585 4321 741 4400 interim
762 4335 829 4398 aut
850 4339 1079 4426 magnatum
1099 4315 1284 4404 savorem,
1316 4325 1382 4386 aut

223 4455 376 4558 gratiam
402 4453 630 4567 popularem
662 4449 784 4537 abelie
811 4452 1025 4562 contigerit.
1069 4448 1222 4530 Licebit
1251 4445 1383 4524 saltem

780 4591 906 4673 ΑΗ
1181 4583 1389 4670 reverendo
