3509 5175
644 431 679 579 -[
753 470 851 574 153·
919 436 945 583 ]

266 660 361 769 latu
378 653 467 745 tide
484 686 643 747 mecum
660 661 856 749 Editionia
878 665 1105 750 confilium:
1148 684 1264 780 atque
1290 662 1388 753 adeo

214 795 301 879 ride
318 794 517 907 idipsum,
542 800 651 908 quod
668 818 802 883 tecum
819 824 1031 883 commune
1049 800 1188 893 habeo,
1213 821 1270 897 ut,
1289 826 1387 913 qua-

213 958 369 1046 cunque
388 936 490 1017 inre
510 936 636 1018 nostra
663 937 894 1020 derideretur
918 940 1056 1049 opella,
1086 940 1388 1022 adolescentibus

211 1070 343 1153 uestris
371 1071 598 1179 adjumento
626 1072 701 1153 esse
728 1073 876 1184 poffim.
924 1076 1038 1156 Malo
1064 1076 1248 1186 equidem
1276 1100 1386 1157 atro·

212 1220 372 1313 gantern
390 1230 455 1286 tue
473 1202 621 1300 baberi,
640 1234 760 1316 quarn
781 1210 836 1289 ita
855 1209 1026 1318 maligne
1044 1208 1320 1302 verecundum,
1341 1223 1388 1289 ut

212 1346 314 1453 quod
334 1345 446 1427 vobis
466 1348 547 1427 usui
566 1347 646 1442 fiet,
661 1348 832 1428 invidere
849 1348 993 1428 videar.
1023 1348 1189 1426 Utinam
1208 1340 1386 1455 presedit>

210 1478 340 1559 vestris
362 1480 406 1559 in
425 1476 592 1574 Athenis,
620 1506 718 1588 quas
736 1480 846 1561 omni
865 1480 988 1559 laudis
1007 1500 1147 1587 genere
1165 1470 1385 1557 florentilli-

210 1636 289 1692 ruat
309 1610 386 1693 elie
403 1609 535 1720 cupio,
566 1614 635 1722 qui
655 1614 811 1722 ingenio
830 1630 868 1693 et
888 1612 1101 1693 eruditione
1119 1610 1248 1691 valent
1271 1630 1386 1689 max·

209 1746 298 1838 iure,
331 1744 455 1826 iidem
473 1769 549 1855 pre
568 1745 727 1853 pudore,
758 1743 997 1856 nescioquo,
1027 1742 1234 1837 fastidioso,
1253 1743 1384 1852 luceru

209 1876 405 1987 publicam
425 1878 555 1959 minua
575 1878 792 1988 refugerent
802 1914 815 1976 3
838 1904 911 1959 nec
930 1880 984 1958 ita
998 1878 1035 1959 se
1053 1877 1170 1957 literis
1186 1874 1384 1969 abderent,

207 2024 249 2087 ut
266 2006 370 2089 nihil
388 2034 437 2089 ex
455 2008 517 2090 his
536 2011 584 2090 ad
602 2015 856 2092 communem
872 2008 1045 2091 feudum
1064 2006 1198 2088 efferre
1218 2004 1381 2088 vellent!

208 2147 357 2228 utinam
376 2144 544 2227 etfama
564 2146 639 2229 suae
658 2166 699 2231 et
718 2149 876 2230 utilitati
897 2148 1061 2259 publicu
1081 2146 1221 2227 melius
1240 2142 1381 2225 consu·

206 2277 342 2375 lerent,
365 2300 481 2393 atque
497 2285 605 2375 adeo,
627 2303 741 2391 prout
755 2308 812 2363 res
826 2282 1043 2391 postularet,
1063 2279 1242 2369 inomni,
1259 2298 1380 2387 qutun

206 2414 445 2525 profitentur,
464 2436 546 2499 arte
559 2416 618 2498 vel
633 2416 830 2511 facultate,
849 2416 1005 2529 aliquod
1023 2418 1064 2495 in
1083 2414 1262 2496 medium
1282 2415 1379 2495 edu-

205 2562 347 2642 cerent,
367 2548 422 2629 ita
439 2566 482 2630 ut
502 2547 600 2630 nihil
618 2548 891 2632 desideraretur
908 2549 1013 2660 quod
1033 2544 1267 2630 discentibus
1286 2543 1389 2628 suu.

206 2679 295 2762 fidio
314 2680 389 2762 ell'e
403 2681 516 2791 poffit
534 2701 600 2764 aut
618 2683 864 2763 documento·

253 2820 323 2900 Te
336 2819 497 2928 quidem
517 2822 630 2901 video
646 2821 747 2902 inter
763 2820 1021 2902 Academicos
1040 2803 1221 2925 exemplu
1241 2815 1376 2898 lauda·

204 2948 269 3031 bili
288 2970 540 3061 praeeuntetn,
569 2973 685 3062 atque
711 2956 766 3035 ita
791 2955 831 3036 in
851 2953 1050 3064 republica
1068 2952 1232 3033 literaria
1249 2950 1375 3031 versa·

205 3107 301 3180 tum,
328 3107 375 3172 ut
396 3091 438 3172 in
456 3093 568 3172 omni
586 3092 669 3173 fere
686 3093 972 3204 disciplinarum
993 3119 1133 3202 genere
1151 3089 1308 3200 aliquod
1333 3089 1375 3167 in

203 3223 382 3310 'suorum
402 3229 488 3310 usur
506 3231 717 3339 protuleris.
744 3235 892 3340 Atque,
913 3249 955 3310 ut
973 3227 1238 3340 philosophica
1256 3227 1375 3308 omit·

203 3377 281 3442 tam
311 3381 395 3458 tua,
423 3363 521 3446 libet
549 3390 594 3446 ea
622 3365 749 3458 unice,
780 3394 867 3475 quae
901 3367 948 3446 ad
979 3387 1061 3445 rent
1093 3357 1373 3475 philologicam

202 3490 384 3601 speltam,
412 3495 578 3579 breviter
596 3497 797 3605 attingere,
819 3517 873 3591 et,
900 3523 985 3606 quae
1005 3497 1143 3577 Graeca
1162 3515 1229 3575 tua
1248 3493 1373 3602 perle-

201 3628 304 3731 genti
322 3627 364 3709 in
383 3645 561 3712 mentem
580 3632 768 3724 venerint,
787 3654 1108 3712 commemorare.
1153 3629 1256 3710 Sciat
1276 3627 1373 3710 adeo

201 3783 361 3842 menon
380 3762 436 3843 ita
455 3761 608 3874 pridem
627 3767 668 3846 in
690 3791 828 3850 manus
848 3763 1039 3880 sumpfilie
1067 3763 1259 3858 libellum,
1288 3759 1372 3844 edi·

201 3905 285 3970 turn
305 3891 410 3972 aTe
428 3909 619 4006 tempure,
647 3896 689 3978 ni
706 3896 831 3994 fallor,
853 3900 939 3981 satia
957 3920 1190 4012 opportuno,
1218 3919 1258 3983 et
1275 3923 1371 3981 cou-

200 4017 279 4100 srlio
297 4019 496 4108 mehercle
512 4028 600 4110 satia
617 4027 759 4126 solerti,
781 4045 827 4112 ut
846 4055 986 4144 nempe
1004 4029 1205 4115 Militibus
1221 4031 1371 4123 nostrie,

200 4153 409 4262 propatria
425 4153 584 4242 honeste
601 4161 867 4258 morientibus,
903 4165 1009 4276 quast
1034 4165 1076 4246 in
1096 4165 1247 4246 Funere
1266 4163 1372 4246 Pub-

199 4281 290 4382 lice,
307 4306 406 4396 Λογοι
426 4307 608 4402 cecropios
626 4298 937 4397 instituerentur3
959 4319 999 4383 et
1021 4301 1069 4384 ad
1088 4325 1224 4384 eorum
1241 4304 1372 4384 laudes

200 4417 443 4508 celebrandas
462 4423 683 4515 Rhetoruut
703 4431 922 4518 Atticorum
948 4433 1170 4546 eloquentia
1199 4440 1375 4530 transsata

1559 4388 1561 4438 l

1558 4460 1560 4539 l

804 4564 845 4646 U
875 4590 899 4648 2
1231 4571 1373 4658 redun-
1502 4544 1559 4992 j
