3509 5175
829 421 855 563 [
903 430 1023 554 '29⁶
1059 467 1063 472 ’
1094 419 1118 562 l

442 645 552 769 Qid
570 655 660 736 vero
679 650 806 732 dicam
824 651 871 732 de
885 649 966 742 illa,
996 673 1081 756 quae
1095 645 1273 729 latiffime
1291 647 1460 757 pateBat,
1489 667 1549 725 re·
1589 644 1590 689 r

388 821 477 876 rum
496 789 816 873 Americanarum
829 782 950 864 cura?
979 781 1069 862 Hac
1082 779 1308 892 profedloin
1318 799 1428 891 parte
1438 762 1551 859 video

387 931 506 1010 Illum
524 924 653 1006 sedulo
674 919 891 1012 elaborasse,
918 945 1046 1026 neque
1073 916 1289 1026 quidquam
1312 913 1424 996 fuisse
1450 940 1548 1024 prae-

390 1059 604 1144 termiffum
622 1058 727 1166 quod
746 1055 792 1135 ad
808 1054 1056 1162 Religionem
1076 1051 1335 1158 Christianam
1352 1071 1442 1132 tum
1463 1073 1553 1160 pro-

286 1253 288 1260 x
388 1195 605 1308 pagandam
625 1208 712 1272 tum
732 1187 1035 1301 promovendam
1063 1189 1209 1296 aliquid
1235 1189 1426 1268 momenti
1455 1211 1551 1266 con·
1591 1212 1592 1297 p

294 1331 300 1340 ’
389 1331 519 1412 ferret.
561 1325 700 1406 Testor
718 1321 943 1402 indefessam
969 1323 1049 1430 ejus
1079 1322 1120 1400 in
1138 1321 1437 1416 ‘Hetaeriarum,
1469 1321 1553 1428 qui·
1591 1312 1592 1381 ἶ

389 1442 461 1546 lius
481 1457 712 1570 presidebat,
733 1436 1142 1564 officiis'defungendis
1161 1455 1428 1538 sedulitatem:
1460 1455 1555 1537 Tes-

391 1621 454 1682 tor
473 1621 600 1675 acrem
617 1593 718 1671 illius
737 1591 945 1683 solertiam,
972 1618 1020 1670 ne
1040 1592 1135 1699 quid
1153 1592 1374 1672 detrimenti
1400 1607 1558 1700 caperet

393 1735 535 1815 fincera
565 1728 705 1818 Pietas,
736 1725 810 1805 srve
839 1751 888 1804 ex
917 1723 1137 1805 Atheorum
1168 1722 1376 1819 assultibus,
1404 1725 1486 1806 srve
1512 1751 1558 1805 ex

394 1859 686 1946 Pontificiorum
705 1854 919 1948 fraudibus,
949 1874 1015 1935 aut
1042 1883 1092 1936 ex
1117 1857 1393 1939 Fanaticon'rm
1417 1857 1558 1938 delira-

289 2013 293 2022 ·
395 1991 566 2076 mentis:
596 1986 733 2066 Testor
754 2011 866 2094 porro
885 1985 1075 2065 solicitam
1094 1985 1173 2094 ejus
1191 2012 1324 2066 curam
1341 1986 1391 2066 de
1409 1987 1559 2068 idoneis

395 2125 503 2232 verbi
518 2121 638 2202 divini
656 2117 845 2200 Ministris
874 2118 1131 2226 providendis,
1159 2119 1394 2228 vigilemque
1422 2120 1478 2199 ab
1504 2121 1561 2198 Eo

397 2258 572 2339 habitam
591 2253 639 2332 de
660 2252 816 2366 illorum
840 2249 934 2344 vita,
961 2250 1146 2344 moribus,
1175 2253 1215 2331 de
1242 2253 1462 2362 diligentia,
1490 2253 1564 2333 dis.

398 2374 658 2490 quifitionem.
1043 2405 1059 2423 x
1369 2367 1378 2393 '

454 2500 697 2582 Intellexerat
718 2495 787 2576 Vir
807 2496 1075 2607 sagacissimus,
1103 2498 1322 2580 Literarum
1340 2500 1563 2580 monimen·

398 2636 449 2717 tis
468 2634 638 2737 edusius,
667 2624 891 2740 Episcopale
918 2623 1174 2712 Ecclefiarum
1202 2633 1376 2741 regimen
1402 2632 1456 2713 ab
1482 2632 1564 2744 ipfia

307 2803 310 2826 ¹
401 2768 683 2855 Christianismi
701 2767 922 2877 primordiis
938 2770 1127 2877 originem
1145 2769 1302 2864 duxisse,
1322 2769 1565 2879 Apostolica·

401 2939 480 3021 que
498 2906 721 2989 austeritate
740 2904 849 2986 suilie
867 2907 1179 3015 comprobatum.
1214 2906 1333 2988 Sensit
1350 2909 1455 2990 illud
1475 2936 1565 3019 cog·

402 3043 555 3127 natione
575 3038 743 3153 quadam
760 3064 982 3119 connexum
995 3036 1068 3119 etse
1080 3062 1173 3117 cum
1187 3036 1430 3120 Monarchia.
1463 3042 1565 3121 Cum

403 3174 534 3280 itaque
552 3169 580 3248 ii
601 3168 701 3247 inter
717 3167 984 3262 Americanos,
1007 3169 1077 3277 qui
1094 3168 1237 3277 Fidem
1252 3170 1293 3249 dc
1310 3171 1567 3281 Disciplinam

402 3301 580 3389 Ecclefiae
600 3298 824 3409 Anglicanae
847 3300 965 3383 essent
991 3301 1176 3411 amplexi,
1205 3300 1391 3385 beneficia
1407 3306 1566 3416 Episco-

404 3438 552 3549 palium
572 3430 946 3517 administrationum
972 3436 1130 3543 propius
1155 3435 1272 3532 adse,
1299 3439 1340 3519 dc
1363 3441 1479 3521 intra
1505 3443 1565 3521 do·

271 3620 273 3627 ι
405 3564 581 3648 mesticos
601 3548 893 3645 Provinciarum
910 3564 1065 3647 suarum
1091 3567 1249 3662 limites,
1275 3571 1480 3653 admoveri
1506 3601 1567 3653 cu·

405 3714 540 3811 petent
550 3733 564 3788 ς
593 3696 686 3807 quid
706 3696 852 3779 mirum
870 3695 1194 3807 Archipraesulem
1210 3700 1382 3795 nostrum
1395 3722 1486 3785 tam
1503 3708 1567 3817 piis

407 3830 598 3912 desideriis
629 3830 823 3911 annuisse?
861 3829 928 3912 Ne
953 3860 1028 3942 qua
1046 3834 1204 3915 interim
1223 3837 1479 3946 Tyrannidis,
1507 3870 1568 3922 ne·

406 3972 484 4059 scio
502 3950 611 4075 cujus
631 3966 840 4078 Papislicae,
870 3968 1059 4053 affet'tatae
1077 3971 1236 4081 suspicio
1255 3972 1566 4062 Dissentientium

407 4104 599 4189 tumultus
624 4104 821 4199 excitaret,
842 4104 940 4189 illud
962 4113 1151 4201 caveratl,
1173 4129 1217 4195 ut
1235 4110 1373 4195 Politia
1391 4114 1483 4199 haec
1501 4120 1566 4201 Ec·

452 4243 553 4335 aSoc.
569 4274 604 4335 de
619 4277 799 4356 Propagand.
814 4278 911 4359 Relig.
922 4284 1000 4340 -da
1015 4280 1079 4351 Soc,
1093 4280 1129 4342 de
1142 4282 1334 4348 Promovend.
1349 4286 1450 4367 Relig.

452 4358 472 4415 b
493 4356 618 4431 Legatur
632 4357 667 4415 de
682 4358 737 4419 hoc
752 4359 885 4451 Institutp
899 4361 1023 4450 Epillpla
1037 4360 1107 4451 Ejus
1121 4364 1159 4433 ed
1172 4364 1256 4457 Huni
1267 4369 1362 4433 Horat.
1377 4370 1497 4450 Walpale
1508 4389 1566 4431 con·

411 4436 508 4521 serint·
530 4434 621 4503 dv·
638 4456 723 4526 ¹750·

1375 4529 1568 4621 cleliastica
