3509 5175
629 434 921 577 [179]

203 686 289 771 quos
308 658 370 741 isti
389 659 518 771 apices
537 659 642 741 affixi
662 660 861 780 defignant
877 664 1198 779 praecipiuntque,
1213 670 1367 751 Accen-

200 816 268 889 tus,
297 814 436 905 utpote
455 825 478 877 a
495 798 708 880 Graecorum
733 801 864 881 indole
882 801 1031 911 prorsus
1053 802 1315 899 abhorrentes,
1345 834 1367 885 e

200 934 505 1043 pronuntiatione
519 934 708 1040 tollendos
721 936 956 1021 statuamus:
986 940 1277 1051 &antiquitatis
1295 970 1366 1050 ge-

201 1067 321 1145 nuinae
341 1064 510 1174 vestigia,
540 1067 622 1146 imo
646 1068 686 1147 dc
704 1072 932 1175 Etonenstum
957 1072 1174 1153 nostrorum
1196 1074 1366 1183 discipli-

200 1226 298 1293 nam,
315 1200 449 1295 secuti,
465 1200 552 1307 jure
567 1221 726 1281 cautum
738 1185 950 1286 habeamus
965 1235 1012 1287 ne
1030 1209 1191 1317 legentis
1207 1206 1255 1288 ab
1269 1236 1366 1289 ocu·
1454 1306 1460 1325 ι

200 1330 234 1409 lo
252 1331 299 1410 ad
320 1360 455 1413 aurem
473 1333 727 1443 linguamque
742 1339 902 1417 transeat
921 1340 986 1419 ille
1001 1338 1200 1419 familiaris
1217 1343 1256 1421 δι
1271 1368 1368 1451 prae*

196 1462 381 1565 judicatus
399 1492 529 1544 error:
569 1469 714 1575 nequid
734 1495 850 1575 porro
871 1472 911 1549 in
930 1473 1213 1579 pronuntiando
1233 1493 1367 1553 contra

201 1589 426 1695 syllabarum
444 1619 671 1700 germanam
690 1595 771 1674 vim
789 1598 830 1677 ἃ
855 1600 1113 1706 quantitatem
1144 1626 1366 1709 peccemus,

201 1723 256 1803 sed
284 1746 327 1806 ut
352 1726 552 1834 Rhythmi
577 1726 777 1837 Metrique
805 1731 908 1840 leges
928 1732 1118 1813 inviolatas
1139 1736 1365 1815 conserven-

202 1876 279 1936 tur:
306 1877 351 1937 ut
367 1859 533 1967 denique
551 1858 696 1939 sublata
715 1861 850 1956 isthac,
869 1867 1365 1972 quaejamdiuinveteravit‚

201 2005 413 2095 amporam,
436 1997 721 2090 consuetudine,
750 1998 888 2107 justior
917 2000 1092 2105 quaedam
1121 2005 1282 2107 ευφωνιω,
1311 1984 1364 2093 &,

202 2160 272 2240 qua
300 2133 360 2214 sas
395 2133 462 2228 est,
499 2121 668 2241 &popone
701 2138 933 2216 restituatur.
989 2138 1080 2216 Hoc
1115 2138 1223 2231 adeo,
1260 2137 1366 2245 quod

202 2266 373 2345 omnium
406 2268 484 2347 sere
514 2271 633 2348 tacito
659 2270 831 2378 quodam
852 2270 1004 2376 judicio
1033 2269 1206 2374 votisque
1237 2268 1365 2373 expeti

203 2396 388 2491 senserim,
427 2398 545 2481 fufius
577 2404 850 2512 explicandum
882 2404 921 2482 sc
956 2401 1201 2481 astruendum
1231 2402 1357 2479 duxi:

203 2530 304 2638 plura
321 2534 415 2614 scire
435 2535 503 2644 qui
523 2539 646 2646 cupit,
676 2557 807 2617 autore
840 2554 967 2616 utatur
996 2536 1046 2642 If
1071 2532 1177 2638 Vofflo
1205 2531 1248 2612 de
1268 2535 1363 2614 Poe·

204 2684 326 2745 matum
354 2673 537 2752 cantu&
554 2672 700 2752 viribus
723 2671 912 2780 Rhytdmi,
942 2672 994 2760 dc,
1024 2668 1092 2776 qui
1121 2667 1258 2745 deinde
1288 2664 1362 2747 hae

203 2801 298 2881 dere
317 2805 491 2885 disertius
512 2808 669 2916 scripfit,
701 2809 839 2887 *Hem
864 2808 960 2888 Chr.
982 2800 1177 2923 Ηιήπίηἰοτ

252 2943 347 3024 Haec
367 2947 416 3026 de
432 2949 586 3042 Graecis,
615 2951 654 3027 δι
674 2948 782 3058 plura
801 2947 961 3055 quidem
976 2943 1097 3024 fateor
1116 2970 1235 3050 quam
1254 2942 1362 3022 insti·

205 3082 268 3160 tuti
297 3084 395 3162 ratio
424 3083 649 3192 postulabat.
692 3085 838 3164 Vereor
872 3086 957 3164 sane
988 3113 1036 3162 ne
1068 3085 1109 3160 in
1138 3079 1363 3159 offenfiones

205 3216 340 3327 aliquas
360 3222 529 3302 incurrat
549 3224 720 3331 quisquis
750 3221 1090 3327 autopinionibus
1109 3217 1363 3326 praejudicatis

206 3365 262 3424 aut
291 3349 561 3428 consuetudini
594 3370 753 3458 receptas
785 3349 969 3428 adversari
1001 3347 1120 3435 ausrt3
1161 3344 1234 3420 five
1267 3371 1364 3422 nova

205 3483 373 3586 quaedam
389 3483 569 3562 invehere
585 3485 656 3562 five
671 3483 838 3563 obsoleta
854 3507 1028 3559 revocare
1044 3478 1227 3557 videatur.
1257 3476 1363 3560 Rec-

241 3729 257 3763 ’
277 3746 426 3810 antropos
440 3730 564 3814 Oglplae·
587 3737 640 3790 8vo
656 3733 737 3792 Edit.
756 3731 813 3800 seu,
827 3733 948 3789 Graecam
963 3730 1092 3805 linguam
1110 3747 1169 3786 non
1189 3726 1241 3785 ess‘e
1263 3724 1364 3784 secun·

206 3808 267 3868 dum
280 3828 415 3872 accentus
429 3815 683 3891 pronuntiandam,
704 3813 869 3871 Dissertatio
884 3813 1036 3890 paradoxa.
1065 3809 1098 3866 ln
1113 3829 1181 3887 qua,
1195 3805 1300 3865 ostensa
1314 3828 1362 3865 ac-

205 3909 332 3952 centuum
346 3894 456 3952 novitia
471 3897 593 3972 origine,
608 3916 639 3953 ac
654 3896 833 3953 diversrslrmo
845 3893 905 3961 usu,
920 3912 1007 3971 quent
1021 3891 1111 3948 alium
1126 3891 1276 3947 obtinuere
1285 3887 1362 3962 apud

206 3973 301 4046 primos
314 3975 433 4034 illorum
448 3979 621 4045 inventores,
642 3978 732 4037 alium
747 3975 823 4051 apud
837 3973 979 4050 sequiores
995 3972 1152 4030 eorundem
1167 3971 1363 4046 frequentato-

206 4071 252 4122 res,
270 4056 475 4117 evidentisllme
490 4058 610 4116 docetur
621 4059 743 4118 Graecum
756 4057 886 4131 linguam
897 4054 1052 4113 secundum
1067 4065 1209 4118 accentus,
1231 4063 1262 4104 ut
1276 4047 1364 4143 vulgo

206 4133 236 4190 ab
249 4138 381 4196 omnibus
402 4139 550 4219 hucusque
568 4139 630 4198 fieri
649 4138 806 4206 consuevit,
827 4135 1070 4213 pronuntiandam
1093 4152 1150 4190 non
1175 4130 1251 4190 elles
1280 4147 1362 4204 cujus

207 4219 418 4290 pronuntiandae
436 4242 505 4280 vera
526 4222 651 4296 genuina
671 4226 697 4278 ει
719 4219 837 4300 antiqua
858 4219 931 4275 ratio
949 4217 1037 4274 firmis
1057 4210 1263 4303 &inconcussis
1278 4229 1363 4284 argu·

207 4301 300 4358 mentis
313 4301 452 4374 asseritur,
467 4309 493 4361 dr
508 4304 544 4360 ab
560 4301 789 4380 exceptionibus,
802 4319 865 4378 quae
879 4313 980 4356 contra
993 4295 1112 4354 eandem
1127 4311 1236 4371 opponi
1252 4290 1361 4368 pollent

207 4379 343 4441 certisime
356 4383 531 4444 vindicatur.
542 4387 677 4442 -Haber
690 4403 751 4461 qrae
762 4382 845 4441 libelli
857 4380 952 4439 titulus
963 4379 1113 4454 pollicetur:
1135 4376 1195 4435 vide
1202 4387 1289 4454 porro,
1302 4389 1363 4450 que

207 4462 232 4517 ln
242 4464 331 4544 epilogo
344 4469 385 4528 rrr'
394 4468 525 4543 summam
539 4479 652 4545 repetent
662 4469 780 4544 scriptor
788 4461 985 4621 sipraestitiffl’
997 4458 1109 4538 confidit.
1282 4550 1299 4613 t
