3509 5175
840 424 865 563 l
938 454 1002 526 20
1069 401 1098 565 ]

366 636 526 729 Montes
544 642 586 728 ln
603 670 734 758 aequor
751 645 1013 732 dissociabile:

366 814 420 895 Et
439 814 468 895 fi
487 833 682 901 tumentes
699 815 946 903 horrisonum
966 842 1110 903 mate„
1204 878 1208 887 -

420 986 587 1067 Attollat
605 988 693 1082 iras,
722 988 998 1097 montiumque

476 1154 621 1263 Qffa
638 1158 748 1266 super
767 1163 894 1273 capita
914 1160 989 1242 alta
1007 1174 1173 1240 nutent:

363 1326 420 1406 At
438 1340 476 1405 te
494 1325 645 1420 caduci,
675 1346 714 1409 te
732 1355 812 1409 non
830 1323 1013 1437 pavidam
1031 1326 1122 1411 ferit

366 1496 498 1577 Ruina
516 1497 682 1582 mundir
722 1498 788 1577 dia
809 1497 882 1580 tibi
900 1468 1021 1591 Saluo,

475 1668 530 1749 Et
543 1666 577 1745 F
578 1665 730 1747 austitas
749 1666 867 1748 affusa
887 1668 1050 1760 circum,

476 1836 646 1918 Flumen
667 1834 725 1915 uti
746 1810 937 1920 recteente
956 1832 1122 1952 lympha

365 2005 485 2114 Ripas
505 2006 692 2089 serenans.
742 2005 892 2091 Scimus
911 2027 956 2090 ut
974 2012 1016 2092 in
1034 2027 1145 2093 tuae-

365 2174 535 2257 Caelestis
555 2203 638 2259 aras
657 2172 811 2288 spiritus
830 2178 1005 2274 incubet,

421 2346 580 2456 Suoque
598 2347 755 2459 plenam
773 2344 933 2430 numine
952 2348 1088 2461 hospes
1173 2359 1176 2364 ’
1204 2377 1207 2383 ·

477 2513 561 2625 Ipse
580 2516 688 2600 Deus
707 2535 861 2600 tueatur
879 2515 1033 2600 urbem.

366 2677 678 2767 Tumultuantur
696 2709 816 2795 regna
833 2683 1007 2778 rebellia,

365 2847 400 2934 F
402 2873 635 2965 remuntque
653 2853 816 2936 Gentes.
832 2889 890 2915 —-
903 2853 1077 2935 Intonuit
1095 2852 1204 2934 Deus

419 3021 557 3120 Iratus,
587 3041 626 3104 et
644 3047 832 3132 compage
851 3042 963 3130 rupta

478 3192 638 3276 Dilliliit
656 3149 863 3305 liquefatla
876 3190 1006 3274 tellus.

365 3356 530 3444 Plaudat
549 3361 790 3474 triumphans
812 3357 1078 3442 Abramidum
1097 3383 1234 3467 genus,

366 3530 445 3612 Cui
464 3531 700 3644 perbenigno
719 3530 881 3614 numine
901 3527 1086 3639 praefidet,

421 3697 606 3813 Pacisque
625 3721 665 3821 et
683 3725 879 3784 armorum
900 3699 1101 3809 supremus

478 3868 652 3966 Arbiter,
683 3871 931 3980 omnipotens
951 3863 1110 3973 Jehova.

367 4033 550 4123 Videtis?
592 4040 631 4120 O
649 4066 735 4151 quae
753 4039 870 4119 cladis
891 4034 1086 4118 inhorruit

366 4205 532 4319 Imago?
569 4228 684 4294 terras
704 4211 790 4319 jam
807 4208 941 4292 videor
958 4207 1065 4318 gravi
