3509 5175
610 407 648 572 l
719 446 815 562 aa
890 414 914 569 l
1051 474 1055 480 ¹

197 668 253 754 En
275 665 360 777 jam
379 661 537 746 auditur
550 659 681 770 fragor
698 659 859 770 quidam
877 653 1124 746 raucisonam
1152 673 1234 736 erat
1254 654 1362 738 enlm

196 802 234 882 in
255 787 463 911 conspeiiu
481 791 814 904 B'rigbthelmpiona
831 789 1062 908 piscatorum
1081 803 1363 898 nautarumque

196 929 296 1016 sodes
315 939 544 1042 opportuna,
574 924 695 1005 ‘astice
713 923 876 1035 quidem
895 921 1137 1002 incumbenti
1154 923 1270 1003 nimis
1289 923 1366 1002 ob·

193 1059 324 1157 noxia,
344 1065 383 1143 sc
398 1062 483 1142 finu
497 1058 632 1139 leniter
646 1057 805 1137 redudlo
820 1056 907 1156 irati
923 1056 1039 1135 maris
1054 1055 1248 1137 incursum
1261 1055 1366 1138 haud

199 1197 336 1278 frustra
353 1191 620 1277 reformidans.
665 1192 781 1296 Juvat
801 1189 906 1269 illico
916 1189 964 1267 in
985 1189 1092 1269 littus
1113 1189 1378 1272 descenderes

197 1333 410 1440 spectantur
435 1326 494 1408 ibi
520 1327 712 1407 moeniurn
738 1319 983 1405 subrutorum
1009 1321 1216 1432 fragmina,
1246 1325 1287 1406 tc
1315 1303 1374 1404 ita
1460 1364 1464 1378 .

197 1463 369 1572 quidem,
397 1478 443 1540 ut
458 1457 550 1568 ipso
566 1483 589 1536 e
606 1456 728 1537 ruinis
754 1456 991 1564 consurgant=
1012 1454 1162 1560 objes‘ta
1188 1455 1369 1538 fluetibus

197 1597 458 1676 munimenta
498 1590 641 1698 Neque
659 1614 750 1670 vero
768 1591 911 1698 interea
930 1585 1063 1669 desunt
1082 1613 1238 1698 aggeres
1257 1590 1372 1670 tabu-

197 1731 263 1812 lati
291 1729 335 1809 in
363 1725 617 1808 transversum
642 1725 833 1833 producti,
860 1723 931 1832 qui
966 1721 1147 1802 alluviem
1179 1726 1372 1807 marinam

197 1860 373 1972 quotidie
391 1859 593 1940 advedtam
614 1857 826 1966 excipiant,
845 1855 949 1936 unde
967 1881 1064 1938 nova
1085 1859 1262 1965 quaedam
1282 1860 1373 1972 ripae
1472 1901 1477 1915 ·

196 1993 437 2110 periclitanti
455 1997 644 2076 accedunt
662 1997 930 2077 fundamenta.

251 2130 391 2210 llluxit
411 2128 497 2235 jam
515 2129 605 2209 coeli
633 2127 809 2208 serenitas
834 2130 949 2238 plane
970 2125 1148 2221 Asiatica,
1177 2127 1273 2208 lenis
1302 2127 1374 2208 ad·

197 2261 357 2371 spiravit
375 2287 481 2353 aura,
509 2260 774 2380 mobilemque
799 2279 936 2358 *rerum
968 2259 1207 2365 objectarum
1234 2256 1378 2343 faciem

198 2392 288 2472 solis
307 2389 489 2500 superfufi
506 2384 683 2500 splendor
699 2384 912 2472 illustravit.
940 2391 1104 2470 lnterim
1123 2390 1170 2469 ad
1189 2390 1303 2496 pedes
1321 2391 1380 2472 al·
1549 2451 1550 2456 a

198 2526 291 2608 lufit
311 2523 463 2635 placide
486 2524 653 2605 allabens
682 2525 856 2610 relabens
890 2525 1006 2620 unda,
1036 2525 1076 2603 br
1095 2524 1254 2606 subinde
1272 2527 1379 2637 quast

192 2661 326 2771 jocosa
340 2658 476 2741 fraude
490 2662 773 2742 ambulantium
788 2664 942 2746 incauta
953 2662 1083 2742 obruit
1093 2658 1262 2770 vestigia.
1291 2665 1381 2773 Age

192 2800 298 2907 jam,
327 2797 417 2889 tiro,
445 2810 489 2875 tu
508 2796 696 2905 spectator
712 2798 875 2879 insolens
894 2795 1033 2907 ecquid
1059 2822 1237 2907 unquam·
1253 2796 1379 2879 vidisti

199 2928 419 3039 gloriosius,
446 2930 585 3037 eoquid
604 2931 807 3025 amoenius,
837 2932 975 3039 ecquid
1005 2930 1163 3010 demum
1186 2926 1379 3014 formido:

199 3048 353 3131 lofius?

259 3271 348 3349 Hoc
366 3298 469 3351 mare
481 3270 734 3380 flubimagum
746 3274 844 3381 fimt
862 3272 928 3379 qui
938 3269 1146 3378 formidine
1167 3270 1270 3351 nulla
1437 3375 1438 3384 Ν

260 3437 411 3522 Itnbuti
424 3438 632 3547 spebimt?
667 3412 866 3546 quaessvasti
892 3458 1027 3551 pompa
1045 3428 1190 3522 theatri

260 3608 448 3689 Arrems
466 3607 580 3687 uaria
599 3608 770 3718 percellit
790 3608 947 3714 imagine
960 3609 1127 3719 serfirs?

261 3774 444 3859 Alternis
454 3774 618 3888 stabeunt
626 3775 774 3887 stupor,
803 3776 980 3857 exultatio
998 3795 1164 3872 mentem,
1193 3776 1238 3855 δᾶ

263 3939 391 4023 Haud
411 3941 619 4027 inamabilis
636 3944 778 4039 horror,
799 3945 842 4025 {a
861 3943 966 4025 haud
980 3944 1183 4055 tranquilla
1200 3942 1391 4053 voluptas.

200 4162 333 4271 Juvat
350 4162 513 4271 quidem
532 4165 651 4276 usque
669 4167 709 4247 u
728 4164 846 4273 usque
864 4168 1058 4265 morantes
1074 4126 1290 4276 spectaculo
1307 4186 1391 4251 tam
1409 4274 1416 4285 .

203 4298 441 4383 admirabili
466 4299 628 4383 inhiare.
681 4304 833 4382 Interea
861 4303 1014 4383 animus
1042 4300 1401 4412 contemplantibus·

206 4464 297 4521 una
322 4435 485 4523 llusluat
515 4441 725 4551 aestuatque
754 4436 956 4519 affectibus
987 4436 1189 4548 reciprocis
1220 4436 1400 4545 agitatus.

650 4565 655 4572 ’
777 4559 861 4668 Gg
1201 4556 1401 4666 Cogitatio
