3509 5175
849 381 892 523 s·
949 417 1046 524 272
1091 537 1095 548 ,
1114 387 1144 526 l

361 688 363 695 s
410 603 512 696 Hac
529 605 626 694 adeo
644 602 685 693 de
700 605 766 691 illa
783 606 995 694 discedenti
1013 610 1189 694 anImum
1214 609 1397 697 demulsit
1425 612 1552 728 imago
1562 651 1574 712 a

405 747 452 828 dt
469 745 643 857 profesto
660 744 811 863 viarum
825 745 943 839 <tatia
961 744 1100 834 fefellit
1120 745 1399 856 jucundissima
1423 753 1572 832 consue·

388 874 557 965 'tudinis
585 881 714 964 vestrae
743 883 973 966 recordatio.
990 927 1046 948 -··
1060 884 1116 964 At
1137 901 1196 978 tu,
1221 879 1401 994 inquam,
1434 879 1572 998 Jupiter

405 1012 637 1125 Hospitalis,
663 1013 766 1098 hanc
785 1015 967 1100 Domum
984 1017 1278 1128 Dominamque
1295 1021 1441 1102 salvam
1468 1021 1570 1131 usque

346 1246 347 1249 p
410 1147 453 1227 dt
468 1148 709 1233 incolumem
726 1147 861 1229 tuere!

466 1285 619 1367 Interea
638 1285 739 1366 lente
757 1283 950 1367 festinanti
970 1285 1061 1368 alias
1075 1285 1233 1369 subinde
1251 1285 1418 1398 aliasque
1435 1291 1569 1398 cogita·

387 1415 390 1419 ’
410 1414 538 1497 tiones
556 1417 714 1505 excussat
731 1417 925 1513 caballus3
954 1419 1173 1527 &quidem
1194 1422 1310 1534 usque
1338 1450 1442 1502 nova
1467 1423 1569 1502 oculis

411 1527 668 1609 occurrebant
695 1529 931 1636 spedtacula;
968 1532 1030 1610 sed
1061 1531 1197 1610 eadem
1215 1534 1307 1612 'cito
1340 1533 1570 1640 neglecta&

340 1734 342 1739 .
410 1661 573 1741 evanida
601 1660 859 1753 tranfierunt;
900 1688 1007 1756 narn,
1042 1679 1099 1755 ut,
1129 1665 1234 1771 quod
1264 1691 1320 1743 res
1349 1663 1421 1754 est,
1450 1661 1570 1752 fatear,

408 1791 465 1870 ita
484 1788 584 1869 milri
604 1788 757 1869 animus
774 1789 815 1867 in
835 1788 1037 1897 praeteritis
1059 1786 1179 1880 haestt,
1208 1806 1252 1868 ut
1276 1789 1390 1870 obvia
1415 1816 1566 1898 quaeque

410 1927 451 2006 dc
469 1925 666 2036 praesentia
685 1925 816 2006 minus
835 1945 999 2006 curaret.

464 2059 504 2136 O
525 2086 643 2168 quam
663 2057 762 2138 mibi
784 2046 931 2168 placeo,
960 2057 1195 2166 cogitatione
1223 2057 1407 2150 recolens,
1438 2059 1467 2137 fi
1492 2059 1570 2164 qnid

408 2211 545 2301 praeter
561 2192 717 2272 solitum
738 2193 906 2292 amabile
924 2192 1094 2272 &laude
1113 2193 1275 2301 dignum
1294 2191 1426 2271 vidisse
1455 2195 1570 2272 conti·

408 2320 510 2428 gerit
531 2318 540 2397 l
572 2323 660 2428 Ego
679 2320 774 2428 quid
792 2319 1021 2412 meditabar,
1042 2349 1151 2428 rogas
1168 2321 1181 2396 ?
1196 2365 1252 2382 -
1267 2321 1468 2430 Qicquid
1488 2321 1570 2402 illud

409 2473 504 2546 erat,
525 2452 615 2533 scias
634 2452 743 2534 fuiffe
761 2482 783 2533 a
802 2453 981 2540 laudibus
994 2452 1112 2571 'haud‘
1128 2455 1296 2534 alienum
1315 2455 1390 2534 tuis
1406 2491 1421 2548 3
1450 2455 1507 2534 ita
1524 2475 1569 2534 ta·

409 2615 518 2699 men,
549 2606 593 2669 ut
614 2606 656 2669 tu
675 2584 751 2668 sola
771 2588 952 2670 omnium
970 2587 1068 2669 illud
1087 2589 1189 2669 ultro
1209 2589 1362 2669 nescias.
1407 2590 1472 2671 En
1494 2618 1570 2697 ergo

409 2723 591 2813 nostram,
617 2750 702 2830 quae
719 2717 891 2798 foeminis
912 2718 1097 2798 invidiam
1115 2744 1268 2797 movere
1287 2720 1448 2828 poterit,
1465 2718 1570 2799 histo

409 2851 573 2933 riolam!
601 2853 755 2959 integrae
773 2850 890 2931 instat
908 2847 1062 2941 fabulae,
1092 2848 1340 2957 Episodiam!

336 3032 338 3036 ·
465 2990 607 3101 Nuper
635 2990 675 3069 in
705 3015 795 3096 argo
818 2986 1113 3079 Hertfordienfi,
1143 2986 1248 3067 haud
1267 2989 1404 3097 procul
1427 2990 1479 3068 ab
1498 2992 1568 3069 An·

365 3124 553 3235 [glicani
585 3120 921 3230 Proto-Martyris
960 3122 1123 3231 oppidu,
1167 3122 1344 3206 Domum
1382 3106 1568 3230 quandam

406 3263 542 3374 hospes
560 3291 641 3343 non
661 3264 879 3369 expedtatus
898 3258 1033 3338 invisa:
1065 3258 1119 3338 ibi
1141 3261 1181 3337 in
1199 3260 1426 3340 Marionem
1446 3262 1568 3351 incidi,

270 3476 274 3483 .
405 3404 512 3485 haud
530 3401 648 3498 certe,
670 3403 827 3511 qualern
845 3382 962 3481 hodie
982 3400 1104 3479 ubivis
1123 3402 1297 3509 reperias,
1317 3399 1413 3478 seria
1430 3401 1567 3493 leviter,

408 3539 450 3617 ἃ
479 3538 576 3618 levia
604 3538 699 3618 serio
734 3515 1021 3623 meditantem
1063 3531 1126 3612 sed
1156 3534 1367 3641 composito
1396 3535 1567 3613 decoram

407 3676 532 3766 vultu,
562 3672 771 3781 animique,
792 3670 859 3779 qui
879 3668 1069 3750 coelorum
1084 3670 1293 3777 penetralia
1313 3671 1445 3748 rimari
1466 3688 1568 3779 pote-

407 3806 471 3899 rit,
490 3807 630 3886 obtutu
648 3802 827 3883 defixam.
877 3802 1079 3909 stipabant
1099 3801 1199 3895 latus
1219 3796 1366 3908 aliquot
1386 3828 1467 3881 non
1488 3802 1565 3881 infi-

406 3940 464 4019 mi
482 3938 653 4019 nominis
672 3935 884 4044 scriptores,
912 3954 992 4012 erat
1011 3934 1054 4011 in
1073 3962 1192 4013 manu
1212 3934 1426 4041 praecipuus
1448 3962 1566 4014 comes

405 4078 594 4157 Horatius
606 4120 662 4141 -
675 4073 762 4180 Ego
785 4074 840 4152 rei
863 4076 1030 4153 novitate
1049 4090 1284 4165 commotus,
1312 4074 1353 4151 dc
1372 4072 1438 4152 vix
1455 4098 1565 4181 pauca

405 4217 583 4325 quaedam
600 4210 672 4294 rite
690 4210 883 4333 pr'aesatus,
902 4212 1170 4321 inopinantem
1183 4211 1291 4291 illico
1310 4211 1564 4321 aggredior-

1464 4346 1563 4427 Heus
