3509 5175
836 401 861 544 r
936 409 1027 515 m
1100 403 1141 544 r

397 654 429 739 ξ’.
445 638 658 729 debemus·
682 629 853 743 capitalis
884 628 1003 711 hostis
1039 628 1123 723 fim,
1152 631 1193 711 dc
1221 628 1329 711 hunc
1357 630 1555 719 ridiculum

396 791 424 875 ξ*
445 798 595 855 morem
615 750 847 877 adjungendi
865 763 972 843 libris
993 764 1136 846 Graecis
1153 765 1319 847 Latinas
1337 764 1555 875 interpreta-

394 909 565 991 rationes
586 904 803 983 Graecarum
821 896 1017 977 literarum
1037 897 1166 979 labem
1180 899 1220 977 δι
1232 888 1445 1006 perniciem
1464 898 1554 979 exti-

392 1012 524 1139 ‘flriffe
542 1014 1018 1144 semper'cxistimaverim.
1073 1031 1146 1111 Sed
1166 1033 1260 1140 quid
1277 1027 1479 1115 facerem?
1511 1030 1553 1112 li·

392 1195 420 1267 5‘
442 1180 510 1259 ber
532 1175 699 1264 Graecus,
730 1169 805 1249 fine
824 1168 992 1247 vetslone
1013 1168 1159 1249 Latrim
1178 1169 1314 1261 editus,
1345 1170 1553 1277 quamcito

364 1337 365 1342 ’
391 1330 423 1411 rc,
441 1313 499 1393 vel
519 1312 559 1389 in
571 1330 801 1413 magnorum
810 1288 1027 1379 Doctorum
1042 1298 1286 1380 bibliothecis
1299 1302 1413 1382 fisum
1426 1300 1551 1381 ducat?

389 1461 416 1499 “
435 1450 476 1528 δι
494 1444 582 1553 quis
595 1424 788 1547 vermibus
802 1434 841 1511 bc
857 1433 1001 1509 araneis
1016 1428 1175 1509 scribere
1190 1430 1280 1531 velit
1295 1430 1308 1507 i
1330 1432 1441 1543 Qid
1456 1434 1549 1541 quod

387 1586 473 1669 ’,ἥδε
504 1566 725 1684 compendii
759 1561 976 1670 bibliopolae
1009 1560 1185 1645 habenda
1213 1564 1310 1642 ratio
1341 1582 1451 1654 eratr
1489 1562 1548 1671 qui

387 1710 689 1807 ‘‚‘·confirmavit,
719 1708 890 1785 Graecurn
908 1701 1097 1794 codicem,
1126 1703 1400 1797 incomitatum
1419 1702 1548 1784 vcrfio·

385 1874 412 1943 ‘.‘
432 1883 481 1937 ne
510 1838 878 1933 Latina„omnium
905 1836 1095 1938 mulorum
1124 1836 1468 1919 mercimoniorum
1487 1837 1547 1917 elle

385 1999 413 2039 ‘⁸
433 1968 1003 2092 longe-indivendibilissimum3
1023 1997 1140 2079 quare
1158 1969 1196 2050 se
1209 1998 1448 2081 magnopere
1460 1968 1547 2051 mihi

384 2142 411 2177 ‘⁴
431 2124 627 2227 auctorem
645 2111 933 2221 supplicemque
949 2108 1037 2224 elle,
1059 2128 1102 2190 ut
1116 2109 1338 2218 pestiferum
1351 2113 1451 2193 illud
1464 2141 1546 2193 con·

383 2252 560 2334 “filium
590 2242 803 2350 abjiciam,”
835 2242 911 2319 dcc.
974 2239 1071 2319 Haec
1107 2241 1243 2323 clariss.
1284 2240 1489 2327 Thirlbaeus
1511 2244 1543 2325 ir

381 2391 548 2494 Praefat.
567 2385 622 2466 ad
636 2382 776 2491 Jrrssin.
796 2362 1083 2483 Mart.ss·-Jure
1111 2379 1262 2464 mireris
1282 2383 1480 2463 rationum
1494 2384 1543 2463 al·

379 2531 546 2611 latarum
573 2515 915 2628 vim,·praeclaram
943 2510 1027 2593 sane
1054 2513 1162 2594 illam
1180 2516 1220 2595 dr
1239 2514 1541 2600 inelustabilem!

379 2661 473 2740 scias
501 2655 611 2744 adeo,
639 2648 826 2758 quamdiu
849 2645 937 2725 libri
955 2642 1099 2725 fuerint
1119 2647 1341 2741 vendibiles,
1370 2651 1543 2732 verfiouos

313 2887 318 2894 ‚
379 2790 448 2871 has
469 2785 634 2868 Latinas
650 2804 851 2886 nunquam
868 2775 974 2855 vobis
994 2775 1201 2857 defuturas.

432 2918 557 3026 Egon’
576 2906 697 3021 igitur
726 2929 769 2989 ut
799 2909 1015 3017 quidquam
1044 2935 1239 3016 opponam
1260 2932 1395 2994 contra
1412 2913 1427 2991 ,Ρ
1442 2959 1540 2975 -

255 3025 259 3033 ’
378 3071 418 3131 at
445 3077 541 3160 pace
568 3046 699 3146 uestra,
728 3041 960 3151 bibliopolae,
989 3042 1030 3120 id
1058 3042 1206 3136 saltem,
1236 3045 1342 3154 quod
1369 3067 1540 3156 expertus

376 3182 483 3274 senfi,
511 3181 623 3260 liceat
653 3201 969 3270 commemorare,
1000 3202 1147 3256 merces
1175 3174 1286 3256 hasce
1319 3175 1457 3258 vestras
1476 3178 1539 3258 dis·

375 3321 552 3403 centibus
572 3317 666 3398 adeo
685 3344 763 3397 non
781 3314 891 3394 fuiffe
905 3317 1140 3416 documento
1157 3316 1198 3394 dc
1217 3314 1394 3408 subfidio,
1424 3335 1470 3398 ut
1483 3317 1539 3396 sae·

377 3462 464 3569 pius
483 3434 733 3537 incommodo
751 3453 944 3533 fuerint&
958 3454 1252 3561 impedimento.
1296 3454 1405 3560 Qid
1417 3453 1538 3536 enim?

375 3623 425 3678 ex
443 3621 523 3700 quo
542 3592 615 3672 illae
633 3595 674 3671 in
694 3591 873 3670 omnium
895 3616 1029 3668 manus
1048 3588 1236 3704 venerios,
1267 3590 1407 3698 ecquid
1425 3590 1539 3670 incre·

374 3725 499 3802 menti
518 3725 717 3802 literarum
738 3725 955 3802 Graecarum
975 3719 1171 3800 scientiam
1191 3721 1371 3830 accepiffe
1389 3723 1540 3833 putatisl

373 3875 489 3938 πολλε
514 3886 556 3958 γε
574 3886 634 3932 uer
652 3845 710 3932 la·
731 3857 813 3934 imo
833 3881 922 3933 vero
940 3855 981 3933 in
1002 3852 1073 3932 hac
1096 3873 1201 3934 tanta
1219 3856 1438 3962 omnigenae
1456 3885 1536 3938 eru·
1572 3881 1573 3890 ¹

369 3989 531 4072 ditionis
551 3987 639 4088 luce
657 3984 865 4064 hominum
885 3986 1015 4068 Graece
1034 3986 1235 4066 doclorum
1254 3988 1394 4068 miram
1413 3989 1535 4099 pauci·

370 4150 495 4214 tatem
526 4130 685 4212 existere
720 4131 928 4236 querimur.
981 4127 1294 4211 Adolescentium
1327 4127 1535 4210 nostrorum

367 4290 485 4372 opera
503 4284 568 4343 vos
586 4261 693 4342 abuti
711 4260 922 4368 querimur,
953 4263 1023 4369 qui
1041 4289 1063 4340 a
1084 4260 1229 4344 Graecis
1247 4259 1295 4343 ad
1310 4258 1458 4344 Latina
1486 4258 1534 4364 (dc

364 4399 433 4484 illa
452 4398 614 4508 quidem
632 4396 816 4506 ambigua
834 4396 1095 4506 utplurimum
1113 4399 1152 4480 dc
1166 4395 1281 4480 infida
1303 4397 1319 4506 )
1340 4396 1532 4480 oculorum

1396 4537 1437 4618 or
1454 4531 1527 4616 ani·
