3509 5175
645 431 939 578 [³01]

250 679 367 766 Nam
387 683 495 795 quod
513 679 574 764 isti
593 683 729 765 dicunt
747 684 941 780 malevoli,
969 681 1150 768 homines
1167 673 1321 765 nobilet

252 815 376 900 Eum.
387 819 557 928 adjutare
576 816 798 928 affidueque
817 844 895 900 una
912 818 1085 913 scribere,
1140 814 1148 819 ’

252 944 381 1051 Qod
397 948 454 1028 illi
474 947 729 1031 maledictum
749 945 955 1030 vehemens
977 947 1052 1030 effe
1069 945 1307 1035 existimant,

250 1077 358 1162 Eam
375 1082 534 1166 laudem
549 1082 616 1164 hic
634 1083 743 1165 ducit
757 1083 986 1178 maximam,
1005 1113 1133 1195 quum
1150 1081 1228 1169 iuis
1247 1078 1376 1188 placet

253 1213 344 1324 Qi
364 1216 476 1302 vobis
494 1218 675 1302 univerfis
696 1217 736 1300 dt
753 1217 900 1330 populo
916 1218 1086 1327 placent.

251 1457 392 1570 Itaque
412 1459 497 1570 opis
516 1458 674 1569 hujusce
693 1461 897 1555 Censoriae,
917 1489 1038 1571 quam
1057 1460 1130 1542 Ille
1149 1453 1279 1541 sedulo
1296 1450 1376 1541 dis·
1468 1418 1471 1424 Ι

168 1591 406 1687 tumulavit,
434 1593 608 1676 fructum
628 1594 766 1676 lubens
796 1597 1054 1703 recognosco:
1096 1612 1184 1674 tum
1213 1593 1257 1672 in
1287 1590 1374 1671 aliie

189 1725 402 1836 plerisque,
424 1743 510 1808 tum
527 1727 733 1835 praesertim
751 1728 793 1806 in
814 1729 881 1808 illa
900 1731 949 1809 ad
962 1728 1182 1811 Samuelem
1201 1724 1377 1808 nostrum

190 1864 492 1976 Appendice,de
506 1893 584 1976 qua
596 1866 805 1970 Lectorem
820 1867 1019 1964 monitum
1034 1867 1212 1959 velim,ut
1223 1889 1375 1972 eaquae

189 1999 254 2079 ibi
278 1999 469 2109 disputata
487 1999 670 2108 repererit
691 2003 738 2078 ad
764 1999 1007 2107 disciplinam
1027 2001 1307 2080 Academicam
1332 1995 1376 2076 dc
1537 2021 1548 2035 ⁸

193 2132 378 2213 officium
397 2131 585 2214 Pastorale
605 2131 825 2246 spedantia,
854 2132 910 2210 ita
927 2129 1132 2237 intelligat,
1161 2147 1206 2210 ut
1225 2123 1375 2206 Archi-

191 2263 368 2374 episcopi
405 2265 564 2349 confilio
603 2265 847 2376 aliquatenus
865 2262 1111 2374 praescripta,
1155 2262 1196 2340 dc
1222 2256 1374 2364 judicio

188 2395 462 2506 comprobata.
511 2399 644 2506 Atque
662 2396 745 2476 haec
763 2396 851 2478 ideo
870 2423 893 2476 a
910 2423 976 2476 me
994 2410 1372 2484 commemorantur,

191 2549 287 2613 turn
304 2549 348 2612 ut
367 2531 480 2613 dictis
512 2532 643 2645 aliqua
664 2530 917 2613 Auctoritatis
945 2525 1235 2612 commendatio
1263 2549 1376 2605 acce·

190 2669 285 2762 dat,
326 2686 412 2753 tum
446 2689 489 2752 ut
522 2671 564 2753 in
594 2670 804 2751 transcursu
836 2668 883 2749 ad
916 2666 1025 2749 illam
1048 2666 1374 2775 .Praeceptionum

189 2802 528 2919 Theologicarum
547 2801 833 2887 Institutionem
858 2819 1057 2883 recentem
1076 2801 1220 2909 digitos
1239 2798 1373 2877 inten-

189 2937 303 3029 dam,
334 2963 453 3043 quam
471 2936 585 3023 video
608 2960 700 3053 cum
719 2932 942 3017 Profefforis
962 2932 1081 3015 nostri
1099 2926 1378 3046 laudibutefl'e'

189 3069 456 3177 conjunctam.
1343 3090 1347 3096 ·

248 3198 327 3279 Sed
354 3225 428 3279 nec
455 3196 550 3278 illud
580 3197 891 3305 pratereundum
922 3225 1023 3292 reor,
1052 3198 1093 3278 in
1112 3222 1191 3305 quo
1208 3194 1371 3305 quidem

188 3331 364 3413 cernitur
383 3356 472 3449 veta
489 3328 611 3409 animi
631 3329 874 3437 magnitudo,
896 3329 1002 3411 Cleri
1020 3325 1229 3419 inferioris,
1255 3326 1368 3435 cujua

190 3466 409 3551 ministerio
442 3466 702 3574 utplurimum
743 3493 801 3547 res
835 3464 1098 3549 Ecclefiastica
1136 3461 1370 3573 tranfigitur,

189 3630 328 3685 curam
349 3605 459 3711 plane
478 3618 692 3712 paternam.
723 3600 789 3682 Ad
807 3600 1020 3713 humiliora
1033 3600 1117 3681 haec
1136 3598 1370 3683 descendeus

189 3738 290 3817 adeo
309 3733 409 3815 nihil
428 3718 477 3812 de
496 3733 686 3841 dignitate
705 3733 850 3815 remifit
875 3734 953 3825 sua,
983 3750 1027 3813 ut
1055 3732 1177 3813 etiam
1203 3730 1370 3839 amplius

188 3868 381 3980 quiddam
419 3867 597 3949 laudibus
636 3867 837 3950 addiderit.
899 3867 1037 3976 Cupiit
1075 3866 1241 3977 quidem
1278 3863 1370 3959 tlte,

190 4004 326 4115 quoad
346 4024 570 4115 temporum
591 4003 776 4113 iniquitas
799 4001 1029 4111 patiebatur,
1049 4001 1185 4083 omnia
1201 3998 1244 4079 in
1260 3998 1370 4079 ordi·

190 4163 287 4221 nem
319 4135 526 4246 pristinum
561 4132 758 4217 revocari:
811 4132 960 4245 aliquid
989 4134 1084 4215 adeo
1112 4128 1195 4213 Sibi
1222 4126 1370 4213 hocin

190 4284 301 4377 parte
319 4266 598 4353 elaborandum
622 4267 695 4349 effe
715 4267 895 4349 censuit:
936 4266 1115 4377 proinde,
1144 4263 1240 4345 ficut
1257 4262 1370 4373 supra

192 4401 434 4501 monuimus,
463 4402 613 4493 curavit
642 4402 774 4489 absent
805 4398 964 4514 praeiens
994 4416 1041 4484 ut
1068 4396 1161 4483 effet
1172 4432 1188 4491 t
1222 4393 1371 4503 vigile

380 4556 386 4565 '
1150 4530 1368 4645 longinquo
