3509 5175
858 446 883 590 [
953 457 1016 582 98
1089 445 1113 589 i

393 710 519 768 muna
531 677 665 762 miram
683 677 881 788 effundunt
894 671 1170 760 amenitatem:
1197 672 1318 756 Haud
1329 670 1439 754 atter
1450 675 1560 755 anima

354 908 357 914 ,
391 816 588 928 languenti
597 813 713 921 Musa
724 811 969 924 philosophica
982 808 1193 891 medicinam
1205 806 1394 889 amabilem
1406 803 1557 902 adhibet,

394 957 570 1068 efficitque
588 970 632 1033 ut
651 952 779 1033 horror
797 947 909 1032 omnis
933 946 1113 1060 mitescat,
1141 945 1185 1026 δέ
1215 945 1302 1056 ipsa
1324 941 1560 1054 egritudines

395 1092 510 1173 minus
527 1085 755 1196 displiceant.

450 1218 687 1332 ¹Quamobrem
706 1215 977 1321 desnemirari
985 1211 1161 1320 siquando
1179 1240 1279 1321 ager
1290 1211 1407 1292 animi
1420 1213 1465 1293 &
1477 1225 1559 1318 per·

396 1352 573 1434 turbatus
591 1351 629 1429 in
658 1349 716 1428 bis
735 1346 1043 1429 Meditationibus
1066 1345 1199 1453 defixus
1222 1347 1498 1456 conquieverim,
1526 1345 1558 1426 in

395 1486 543 1566 illarum
559 1479 705 1562 tectione
722 1481 780 1560 ita
797 1479 982 1584 versertus',
1006 1496 1050 1557 ut
1068 1478 1195 1560 exinde
1211 1505 1387 1559 curarum
1400 1478 1559 1558 levamen

385 1613 440 1696 'fit'
453 1610 596 1724 salatia
614 1628 789 1718 peterem,
825 1629 937 1719 atque
963 1606 1045 1687 adea
1068 1609 1259 1720 scribenti
1280 1638 1391 1690 comes
1417 1609 1560 1718 affistere

397 1750 558 1839 viderer,
588 1746 687 1825 illius
705 1745 744 1824 in
766 1761 896 1850 partes
916 1763 1095 1852 tanquam
1108 1743 1320 1826 Adeamus
1340 1742 1439 1823 uitro
1455 1761 1558 1824 tran·

386 1879 474 1988 fire,
502 1875 598 1955 illius
613 1875 761 1985 cessitius
771 1905 896 1956 *omnes
914 1873 968 1954 ad
989 1901 1044 1955 me
1072 1872 1264 1979 tranferre
1284 1871 1450 1984 presetio
1475 1872 1502 1951 ἃ
1526 1904 1561 1958 re

392 2044 474 2101 mea
491 2009 591 2092 haud
614 2011 760 2103 alienas,
790 2040 870 2091 cum
899 2010 959 2091 itta
990 2025 1065 2091 una
1094 2013 1270 2095 malarum
1296 2011 1397 2124 quast
1416 2013 1559 2124 vestigia

395 2148 567 2255 relegere,
588 2142 748 2252 pristina
766 2171 949 2223 renovare
969 2139 1151 2248 pericula,

481 2347 561 2394 ‘-
574 2329 752 2448 Qaeque
769 2327 847 2437 ipse
867 2298 1080 2406 miserrima
1099 2328 1192 2419 vidi,

504 2466 559 2545 Et
577 2492 743 2573 qnorum
764 2491 851 2574 pars
870 2489 1013 2573 magna
1032 2463 1102 2544 fui.
1240 2555 1244 2574 1

398 2688 502 2798 Qid
512 2690 550 2769 in
564 2685 801 2794 Carthagine
815 2686 958 2769 AEneas
973 2688 992 2769 ὲ
1005 2688 1205 2797 uaeffragio
1219 2690 1340 2799 haspas
1358 2686 1558 2771 attonitus?

399 2828 536 2939 qualem
566 2826 623 2905 illi
652 2825 823 2933 menum
842 2824 946 2932 mese
963 2825 1075 2918 dicas,
1104 2826 1188 2908 dum
1214 2828 1404 2938 piiiurata
1429 2828 1471 2909 in
1493 2844 1583 2935 pag

399 2988 495 3049 reete
608 3044 612 3057 ,

453 3121 619 3204 Defixus
636 3122 739 3202 videt
758 3121 894 3202 Iliacas
914 3151 962 3203 ex
982 3124 1117 3203 ordine
1141 3152 1298 3233 pugnaS,

455 3262 503 3342 Se
523 3284 677 3369 quoque
698 3259 939 3374 principibus·
955 3258 1183 3369 permistum
1203 3261 1360 3369 agnovit
1379 3256 1558 3340 Achivis?

313 3428 332 3471 i
362 3464 366 3471 ⁴
400 3484 545 3564 Scilicet
570 3481 731 3561 animum
752 3480 909 3590 pitiana
927 3480 1047 3589 pascit
1067 3464 1184 3577 inani,
1214 3481 1279 3565 buc
1296 3478 1559 3565 meditationum

394 3613 525 3724 pabulo
554 3615 659 3725 resti
676 3615 723 3723 se
749 3614 794 3694 Θ
826 3617 993 3697 recreari
1002 3616 1139 3724 stetit,
1158 3618 1226 3697 ita
1258 3636 1314 3709 ut,
1341 3615 1410 3725 qui
1423 3610 1559 3721 jamdiu

402 3753 735 3841 inveteraverant,
779 3747 914 3831 deleres
945 3752 1155 3859 spectaculi
1183 3750 1339 3833 recentis
1370 3746 1582 3832 admiratiei

396 3883 550 3995 praestes
579 3880 796 3991 absorberet,
826 3884 870 3963 ii
896 3886 916 3965 i
941 3884 1223 3995 preteritarum
1241 3881 1411 3965 memorii
1431 3882 1559 3994 instan-

401 4016 493 4094 tium
508 4012 676 4095 malmum
694 4014 880 4120 consolatio
894 4012 1054 4127 quadam
1066 4013 1311 4122 suboriretur.
1339 4012 1478 4119 Quidni
1493 4016 1559 4120 Ege

402 4146 528 4227 itidem
546 4146 706 4228 animum
732 4144 888 4254 piciurei
915 4143 1021 4229 inani
1045 4146 1246 4256 pascerem,
1275 4146 1319 4227 &
1347 4172 1391 4231 ex
1422 4142 1561 4257 historici

387 4279 513 4391 flebili
531 4277 674 4389 aliquid
695 4295 932 4387 excerperem,
961 4278 1057 4390 quod
1071 4280 1164 4361 mibi
1178 4278 1256 4387 cesui
1273 4276 1406 4383 suerit
1425 4280 1491 4361 vel
1508 4276 1558 4357 ot·
1580 4290 1581 4357 ξ

400 4414 644 4501 anamma?
671 4412 801 4528 quidni
808 4413 992 4523 fraudem
1009 4414 1108 4499 hanc
1126 4412 1338 4531 bellffmem
1355 4412 1447 4498 mihi
1473 4416 1558 4497 ultra

1480 4540 1561 4657 fieri
