3509 5175
838 395 1129 538 [298]

393 620 660 704 moderatione
679 622 717 700 &
737 598 929 732 aequitate,
959 623 1208 732 malignitatis
1224 621 1454 706 Puritanicae
1470 653 1548 712 cum

392 755 576 836 charitate
596 753 835 836 Christiana!
876 757 932 835 Sit
960 757 1058 838 illud
1086 757 1170 838 aliis
1188 759 1413 869 opprobrio,
1441 764 1547 842 confi·

394 885 591 978 liumtam
608 886 764 966 salutare
779 884 890 965 fuiffe
903 885 1038 970 frustra
1051 889 1399 970 commendatum:
1424 889 1548 971 Archi·

274 1005 278 1012 ’
366 1072 375 1104 2
391 1016 525 1128 praesul
542 1018 669 1098 noster
689 1037 792 1099 certe
810 1019 1050 1100 conscientiae
1078 1021 1153 1100 suae
1180 1021 1450 1102 testimonium
1476 1025 1546 1131 pul·

392 1157 634 1238 cherrimum
653 1158 823 1266 reliquit,
844 1147 1433 1268 simul&'suaeergaE'ccles1am
1451 1182 1547 1268 atque
1574 1154 1575 1175 ¹

381 1300 642 1380 ,Americanos
653 1299 1080 1407 benevolentiaepignus
1093 1303 1331 1408 pretiosum,
1359 1301 1545 1382 laudabilis

390 1434 520 1513 fautor
549 1431 721 1524 instituti,
753 1451 869 1540 atque
897 1433 999 1512 illius
1020 1434 1172 1540 adjutor
1190 1452 1305 1544 atque
1325 1438 1461 1514 auctor
1477 1463 1547 1514 mu·

390 1569 638 1665 nificentiae‚²
674 1595 758 1675 quae
787 1569 885 1647 olim
914 1569 957 1649 in
985 1569 1228 1688 Hierarciiiae
1258 1571 1343 1650 usus
1373 1571 1546 1676 eroganda

363 1777 367 1794 ,
390 1699 592 1810 aliquando
615 1701 733 1778 etiam
752 1700 884 1778 invitis
902 1698 1105 1807 profuerit.

445 1836 532 1939 Age
553 1860 655 1924 veru,
678 1832 764 1938 jam
784 1859 942 1912 mecum
961 1835 1042 1912 redi
1063 1817 1112 1912 ad
1130 1833 1411 1928 Lambetham,
1441 1836 1544 1915 virtu·
1576 1862 1577 1923 t

364 1957 373 1968 '⁴
390 1990 555 2079 tumque
575 1967 873 2049 domesticarum
893 1971 1212 2078 admirationem.¹

537 2157 652 2284 ⁸Xctap'
670 2193 696 2236 ω
721 2156 896 2270 priuigno
914 2190 1017 2243 ortatur
1036 2155 1196 2262 φιλοξενε.

391 2381 592 2491 Ingredior
607 2427 661 2443 -
677 2407 795 2489 quam
813 2400 1041 2492 foverenter,
1065 2397 1251 2488 tanquam
1269 2381 1309 2459 in
1325 2379 1544 2488 Templum!

393 2548 512 2631 quam
532 2547 621 2600 vero
639 2517 892 2611 familiariter,
923 2539 1110 2631 tauquam
1138 2519 1179 2598 in
1204 2518 1368 2601 domum
1401 2517 1540 2599 meam!

390 2708 448 2726 -
462 2659 568 2739 Mire
588 2660 765 2739 animum
786 2679 1011 2739 commovet
1030 2658 1109 2765 ipse
1126 2656 1203 2739 loci
1218 2657 1472 2767 conspectus:
1498 2684 1546 2736 oc·
1578 2633 1579 2662 Ν

389 2811 553 2878 currunt
572 2791 736 2899 antiquae
756 2791 877 2869 laudis
905 2792 945 2869 δι
964 2789 1053 2868 artis
1082 2807 1335 2871 monumenta
1348 2834 1409 2850 —
1424 2789 1544 2899 spatio·

391 2956 480 3008 rum
502 2942 590 3004 tum
614 2918 780 3035 vastitaa,
812 2941 899 3001 tum
927 2920 1219 3029 magnificentia
1235 2920 1453 3005 -1iminis
1479 2938 1545 2999 turn

390 3059 570 3153 solitudo,
598 3076 685 3137 tum
705 3058 824 3149 etiam
840 3056 1126 3167 frequentia—
1144 3056 1218 3137 otii
1245 3058 1286 3135 δε
1313 3059 1543 3163 negotiorum

384 3201 486 3310 justa
504 3226 571 3308 per
588 3196 784 3276 intervalla
802 3196 1018 3276 viciffitudo
1032 3242 1088 3259 -
1102 3194 1207 3275 idem
1233 3192 1281 3272 de
1309 3194 1372 3273 die
1401 3194 1443 3273 in
1462 3192 1545 3271 diem

392 3333 609 3413 officiorum
631 3327 726 3409 ordo
744 3328 1068 3410 revolubilis-ea
1086 3325 1250 3406 demum
1268 3322 1378 3403 omni
1399 3324 1442 3402 in
1460 3343 1545 3432 parte

275 3498 279 3506 ·
393 3464 521 3569 ενταξιω
553 3494 612 3557 aaa
644 3490 819 3564 ευκοσμιαι,
857 3477 902 3539 ut
934 3460 1033 3537 intra
1066 3456 1245 3563 Collegii,
1281 3455 1415 3561 potius
1448 3482 1543 3562 quan

392 3608 548 3687 Domus
575 3596 743 3709 privatae,
771 3598 935 3707 parietes
960 3596 1100 3677 versati
1125 3595 1269 3675 videar.
1316 3594 1370 3673 Et
1390 3592 1544 3701 proferto

391 3765 625 3856 quocunque
644 3734 779 3844 paffim
800 3734 934 3815 oculos
952 3733 1263 3842 &cogitationes
1280 3746 1480 3824 converto,

505 3959 637 4041 Multa
655 3954 743 4037 Viri
760 3956 880 4038 virtus
900 3955 1033 4035 animo
1051 3953 1263 4066 multaeque
1281 3950 1445 4036 recursat

501 4117 645 4198 Laudis
664 4111 803 4195 honos.
889 4094 892 4097 ⁹

481 4330 482 4337 ἵ
532 4386 547 4424 a
568 4364 688 4443 Legavit
708 4363 816 4450 1000l3
828 4380 863 4447 ²3}
874 4361 953 4424 hunc
970 4360 1052 4423 usum
1065 4358 1200 4443 Episcop.
1213 4356 1409 4421 constituenti.

1452 4488 1540 4573 Subit
