3509 5175
816 400 1210 556 [ιὸὁ]υ

369 728 370 735 Ν
412 619 569 744 ,Ecqua
596 654 686 712 vero
716 631 759 714 in
788 654 896 745 parte
917 639 1026 748 spem
1049 641 1216 725 nostram
1243 646 1419 734 fefellit?
1461 654 1553 740 imo

288 809 291 817 -
375 765 753 892 vero'exsuperavlit3
781 773 860 854 fine
874 756 1083 861 offensione
1095 787 1277 892 partium,
1292 789 1371 870 fine
1383 791 1550 890 invidia,
1593 766 1594 771 i

375 897 455 979 fine
487 904 716 1010 ambitione,
750 909 931 992 Ecclefiae
960 919 1228 1029 principatum
1255 927 1434 1038 adeptus,
1471 931 1551 1011 sine

375 1043 602 1144 arrogantia,
633 1072 726 1125 cum
745 1047 931 1156 dignitate
960 1081 1048 1135 vera
1076 1051 1280 1152 sustinuit3
1323 1063 1464 1171 magni
1496 1061 1594 1142 vir

375 1172 511 1274 animi,
551 1177 590 1255 δι
619 1207 765 1259 verca
739 1214 884 1292 appare,
924 1190 994 1298 qui
1025 1191 1207 1273 Politiam
1236 1195 1552 1276 Ecctefiasticam
1593 1156 1594 1315 l

375 1306 506 1384 animo
530 1312 868 1418 compledtebatun
898 1321 1054 1402 confilio
1083 1323 1287 1433 dirigebat,
1316 1330 1594 1413 auetoritate

375 1419 568 1534 tuebatur,
588 1445 767 1554 exemplo
783 1451 966 1542 ornabat3
996 1451 1038 1528 in
1057 1457 1221 1562 negotiis
1241 1458 1413 1566 impiger
1430 1460 1594 1541 &in

375 1571 552 1668 defessus,
581 1573 681 1652 nihil
702 1603 723 1653 a
742 1575 778 1655 se
797 1577 968 1658 alienum
987 1583 1144 1686 putabat
1163 1586 1270 1691 quod
1296 1586 1343 1665 ad
1366 1586 1594 1666 Clerico

374 1733 466 1786 rum
489 1708 590 1817 jura,
620 1737 758 1804 mores,
787 1711 1012 1823 famamque
1037 1718 1277 1826 pertinebat3
1319 1724 1552 1803 auctoritate

374 1837 432 1917 ita
449 1839 549 1932 usus,
579 1860 622 1921 ut
655 1841 754 1921 nihil
788 1872 858 1993 pro
887 1846 1051 1927 libidine
1077 1869 1142 1930 aut
1168 1851 1404 1931 insolentia
1391 1855 1594 1991 imperii

270 2007 274 2016 ·
377 1948 584 2070 affectaret,
613 1971 683 2055 sed
697 1977 829 2056 omnia
857 1978 918 2058 ad
930 1969 1103 2086 orrodbpdo
1132 1984 1437 2091 communesque
1468 1950 1594 2081 Ec·l

375 2111 494 2190 clefiae
518 2113 698 2193 utilitates
719 2112 902 2210 referret,
919 2160 972 2183 ·-·
986 2119 1041 2198 ita
1059 2117 1221 2200 fortunis
1241 2122 1341 2216 usus,
1370 2141 1417 2202 ut
1436 2122 1594 2243 quic

375 2251 470 2360 quid
489 2283 526 2330 aa
545 2283 587 2328 arr
587 2279 705 2362 prunae
725 2273 953 2348 accreverat,
982 2256 1022 2336 id
1050 2285 1169 2338 omne
1188 2287 1266 2338 non
1285 2260 1332 2340 ad
1351 2261 1594 2340 luxuriem

378 2402 445 2463 aut
464 2288 721 2491 splendorem,
749 2385 811 2465 sed
840 2387 887 2464 ad
915 2352 1150 2470 necessitates
1181 2417 1395 2500 pauperum
1421 2390 1594 2523 suble·

375 2521 517 2604 vandas
535 2524 605 2603 bu
594 2551 634 2603 ιιι
656 2526 865 2606 commoda
882 2526 1052 2637 publica,
1067 2548 1252 2637 erogaret.
1280 2528 1437 2609 Lucelli
1460 2464 1594 2638 per-l

320 2686 323 2693 ⁴
375 2659 466 2741 inde
486 2687 531 2737 ac
548 2660 717 2767 gloriolae
736 2681 995 2771 contemptor,
1025 2665 1130 2744 bono
1149 2692 1351 2746 commum
1339 2665 1594 2745 studebat

375 2792 502 2909 unic-e.
519 2794 727 2903 -ltaque
747 2796 930 2875 Hetaeriis
960 2794 1255 2905 quibuscunque
1280 2797 1455 2877 nominis
1475 2795 1550 2875 ho·

376 2937 485 3029 nesti,
514 2936 559 3015 iis
582 2938 786 3045 praecipue,
817 2965 903 3045 quae
932 2936 981 3016 ad
1007 2938 1253 3045 Religionem
1284 2936 1549 3020 Christianam
1593 3005 1595 3056 s

377 3072 573 3183 fiveapud
591 3092 740 3155 exteros
759 3076 1046 3183 propagandam
1068 3075 1145 3157 five
1173 3076 1281 3157 domi
1311 3104 1549 3185 promoven·
1593 3063 1594 3154 l

377 3208 483 3307 dam,
505 3226 572 3285 aut
591 3206 872 3315 rempublicam
892 3208 1122 3287 Clericalem
1141 3208 1376 3317 spectabant,
1408 3206 1547 3300 adfuit,

376 3346 531 3455 prefuit
542 3383 555 3441 3
583 3347 624 3423 in
645 3347 779 3455 primis
798 3348 830 3425 F
833 3367 943 3465 autqr
960 3349 1000 3427 bu
1019 3347 1204 3427 Patronus
1229 3346 1413 3454 exemplo
1433 3345 1548 3425 srmul
1593 3399 1594 3476 t

377 3490 417 3566 bt
434 3486 974 3593 eloquentiacommendavit,
992 3486 1256 3568 munificentia
1276 3487 1546 3593 locupletavit:
1593 3501 1594 3576 ζ

378 3620 543 3703 nullam
566 3646 619 3713 re,
640 3620 681 3699 in
701 3646 777 3727 qua
795 3619 1035 3727 Reipublicae
1055 3620 1226 3729 prodesse
1244 3621 1387 3729 potuit,
1408 3618 1595 3698 laboris

378 3782 515 3869 parcus
536 3777 601 3837 aut
619 3758 808 3867 pecuniae,
829 3755 926 3855 bene
944 3759 1122 3867 praecavit
1135 3784 1185 3837 ne
1200 3757 1341 3845 divitiae
1354 3755 1427 3834 libi
1440 3755 1594 3834 oneri

379 3891 495 3973 effent
528 3908 593 3975 aut
628 3889 851 3999 opprobrio
915 3891 989 3975 Sed
1028 3889 1184 3972 interim
1218 3888 1594 4039 magnificentiam

376 4022 477 4107 hanc
496 4022 715 4132 praeclaram
733 4023 944 4131 prudentia
962 4026 1003 4103 δι
1021 4022 1295 4104 moderationis
1313 4024 1398 4102 laus
1422 4022 1547 4103 comi·
1593 4031 1595 4086 l

377 4161 551 4263 tabatur3
581 4189 676 4241 cum
695 4161 743 4243 ab
763 4190 808 4245 eo
828 4160 926 4248 nihil
942 4182 1088 4248 temere
1103 4178 1168 4243 aut
1186 4162 1235 4243 ad
1253 4162 1548 4243 ostentationem

376 4300 495 4387 solam
514 4300 604 4380 esset
625 4301 844 4383 institutum
860 4336 874 4394 3
905 4302 972 4383 tali
988 4302 1155 4382 Patrono
1167 4299 1351 4410 placuisse
1364 4327 1448 4381 non
1466 4300 1548 4383 exi·

376 4465 453 4545 gua
483 4456 564 4519 erat
594 4438 824 4525 meritorum
855 4437 1163 4528 commendatio,
1206 4437 1356 4547 Judicii
1375 4435 1547 4519 testimo·

1444 4581 1550 4637 nrum

1593 4765 1595 4896 l
