3509 5175
704 396 928 543 [9]

222 652 363 737 potem
372 665 387 725 ς
414 628 498 713 imo
516 656 588 713 nec
604 627 678 743 ipfi
697 627 869 713 defedus
883 631 952 713 suo
971 648 1123 713 careant
1136 627 1283 729 fructu,
1304 632 1403 721 dum

222 757 387 871 ingeniis
417 764 703 877 delicatioribus
733 792 906 850 acumen
929 764 1110 847 criticum
1142 768 1399 853 exercuerint.

222 896 264 978 Si
282 898 450 1011 denique
469 898 595 981 nostra
607 898 690 983 haec
706 903 988 1015 qualiacunque
1002 901 1285 1013 quoquomodo
1309 931 1402 1012 pro-

222 1027 335 1113 fuiffe
354 1032 624 1127 intellexerim,
654 1036 741 1119 satis
762 1033 903 1131 habeo,
930 1061 1057 1145 neque
1081 1033 1159 1118 boc
1182 1062 1272 1121 meo
1288 1036 1403 1145 quic-
1475 1074 1481 1081 1

224 1163 322 1271 quid
336 1164 390 1243 est
404 1165 478 1246 five
496 1167 566 1251 otii
584 1167 659 1253 uve
672 1167 811 1255 laboris
827 1168 936 1259 mihi<
945 1168 1059 1277 plane
1079 1166 1217 1251 abusus
1231 1165 1406 1276 videbor.

279 1296 398 1403 Qod
416 1299 587 1381 Editoris
607 1330 750 1385 munus
770 1301 894 1389 hocce
920 1302 1026 1386 casus
1045 1302 1253 1412 aliquando
1272 1300 1320 1382 ad
1339 1328 1406 1387 me

224 1430 421 1528 detulerit,
449 1435 562 1519 video
581 1437 743 1545 quidem
763 1438 903 1521 exinde
924 1437 1070 1547 aliquid
1093 1437 1142 1517 de
1172 1435 1298 1544 operis
1317 1426 1405 1517 des·

225 1562 338 1647 tinati
358 1565 588 1674 perfectione
607 1569 819 1655 deceffiffer
858 1598 994 1656 verum
1016 1569 1098 1651 haec
1117 1566 1217 1649 mihi
1237 1594 1317 1649 non
1335 1566 1402 1649 in·

225 1714 331 1803 grata
350 1697 494 1807 obtigit
511 1702 721 1797 neceffitas,
750 1730 837 1813 quae
855 1695 1046 1813 paulisper
1064 1702 1242 1788 animum
1261 1700 1311 1782 ad
1335 1698 1405 1784 illa
1489 1694 1494 1723 '

225 1826 348 1911 studia
376 1834 579 1928 revocavit,
606 1834 632 1914 ὰ
663 1834 792 1945 quibus
821 1862 896 1948 ego,
924 1836 1063 1921 nullum
1086 1833 1254 1941 confiteor
1273 1832 1403 1916 atatis

227 1988 311 2047 meae
329 1980 466 2071 tempus
484 1963 663 2053 abhorrui
685 1998 703 2047 e
715 2001 728 2059 ς
759 1967 898 2075 quidni
926 1971 1033 2047 enim
1058 1965 1172 2046 liceat
1189 1962 1254 2049 Μ.
1277 1961 1403 2051 Tullii

226 2096 349 2183 vorbis
371 2099 440 2190 uti,
469 2099 630 2209 perinde
659 2129 703 2181 ac
733 2099 904 2209 exempli
923 2096 1139 2191 autoritate,
1166 2093 1242 2183 hac
1270 2096 1405 2205 praeci-

226 2252 300 2335 pue
330 2229 371 2307 in
400 2230 524 2324 causa,
554 2259 672 2339 quam
701 2232 766 2310 ille
796 2249 879 2311 tam
907 2230 1082 2339 praeclare
1105 2226 1293 2320 defendit,
1322 2254 1404 2313 non

227 2362 338 2459 unius
360 2361 478 2441 modo
497 2362 651 2443 Archiae
670 2363 808 2457 Poetae,
836 2362 899 2441 sed
922 2360 1116 2447 facultatis
1144 2358 1306 2469 poetice
1324 2356 1403 2443 Pa-

226 2510 356 2576 tronus
375 2498 647 2589 disertiffimus.
691 2499 764 2583 Me
783 2498 962 2608 quidem,
989 2514 1189 2606 utcunque
1207 2493 1303 2575 rude
1315 2493 1405 2608 jana

226 2625 426 2740 donatum,
447 2627 550 2718 haud
570 2631 675 2744 piget
694 2629 855 2739 antiquo
870 2627 1012 2715 iterum
1026 2626 1121 2714 ludo
1134 2623 1323 2736 paulisper
1341 2625 1404 2711 in·

226 2761 354 2848 cludi:
382 2741 421 2850 dc
440 2782 568 2854 vetera
587 2783 823 2875 repetentem
842 2764 972 2852 officia
988 2762 1130 2844 iterum
1151 2760 1253 2841 inter
1271 2754 1402 2847 Disci-

225 2896 405 3008 pulorum
426 2895 627 2986 cathedras
646 2898 793 2991 versari,
822 2899 861 2990 δε
891 2898 932 2986 in
961 2893 1038 2976 hoc
1062 2892 1278 3012 juventutis
1304 2918 1403 2980 meae

225 3024 326 3114 senio
348 3030 517 3139 quodam
532 3030 803 3142 repuerascere,
824 3031 876 3122 de,
898 3027 1001 3142 quod
1016 3054 1085 3134 pro
1104 3051 1214 3113 more
1233 3024 1403 3136 autjure

226 3162 395 3277 quodam
414 3160 481 3254 suo
498 3161 675 3254 factitant
694 3161 873 3252 effoeti&
892 3158 1044 3248 emeriti
1063 3156 1220 3252 milites,
1244 3154 1402 3273 pristina
1458 3159 1461 3162 ’

226 3296 513 3400 quodammodo
531 3295 742 3386 certamina
761 3319 956 3386 renovare,
985 3286 1231 3401 &preterita
1247 3286 1401 3415 cogita·

227 3433 329 3515 tione
350 3435 557 3516 recolentes
578 3437 656 3521 vita
673 3436 799 3542 priore
818 3430 909 3550 frui.¹
1488 3544 1490 3547 Ι

168 3581 170 3606 ’
277 3568 441 3660 Verum,
463 3588 520 3659 ut,
551 3567 655 3676 quod
675 3593 734 3650 res
757 3564 825 3662 est,
854 3565 1002 3672 loquar,
1030 3558 1113 3646 haec
1133 3555 1235 3650 mihi
1252 3557 1400 3645 occafio

226 3695 376 3808 obtigit,
396 3725 443 3778 eo
462 3699 703 3809 potiffimurn
721 3698 881 3782 nomine
902 3691 1191 3803 jucundiffima,
1211 3692 1319 3809 quod
1334 3693 1400 3776 To

227 3829 324 3910 mihi
343 3832 447 3939 quafi
461 3833 502 3910 in
517 3832 578 3938 via
589 3827 747 3914 honoris
763 3829 853 3938 ergd
866 3824 1183 3937 compellandum
1197 3823 1399 3906 obtulerit.

227 3957 296 4050 Ne
317 3989 392 4072 ego
410 3989 474 4044 me
495 3989 620 4074 neque
640 3965 723 4052 Tui
741 3989 867 4072 neque
887 3961 967 4040 mei
993 3955 1109 4068 ipfius
1130 3954 1227 4040 adeo
1245 3955 1394 4040 imme·

227 4117 372 4184 morem
392 4089 465 4180 esse
485 4095 619 4204 patior,
640 4116 681 4176 ut
701 4120 778 4178 non
798 4094 956 4216 cupiam
974 4089 1131 4202 aliquod
1151 4106 1282 4178 extare
1300 4114 1399 4178 meae

228 4246 311 4334 erga
330 4243 369 4318 te
388 4226 674 4330 benevolentiae,
703 4225 802 4346 grati
832 4225 965 4324 animi,
993 4225 1032 4304 bc
1053 4222 1273 4313 reverentiae
1291 4221 1400 4311 testi·-

769 4361 801 4450 Β
1202 4355 1397 4445 monium·
