<?xml version="1.0" encoding="UTF-8"?>
<!DOCTYPE html PUBLIC "-//W3C//DTD XHTML 1.0 Transitional//EN"
    "http://www.w3.org/TR/xhtml1/DTD/xhtml1-transitional.dtd">
<html xmlns="http://www.w3.org/1999/xhtml" xml:lang="en" lang="en">
 <head>
  <title>
</title>
<meta http-equiv="Content-Type" content="text/html;charset=utf-8" />
  <meta name='ocr-system' content='tesseract 3.04.00' />
  <meta name='ocr-capabilities' content='ocr_page ocr_carea ocr_par ocr_line ocrx_word'/>
</head>
<body>
  <div class='ocr_page' id='page_1' title='image "./opusculamiscell01burtgoog_0101.png"; bbox 0 0 3509 5175; ppageno 0'>
   <div class='ocr_carea' id='block_1_1' title="bbox 670 451 926 596">
    <p class='ocr_par' dir='ltr' id='par_1_1' title="bbox 670 451 926 596">
     <span class='ocr_line' id='line_1_1' title="bbox 670 451 926 596; baseline 0.016 -8"><span class='ocrx_word' id='word_1_1' title='bbox 670 451 926 596; x_wconf 77' lang='lat'>[83]</span> 
     </span>
    </p>
   </div>
   <div class='ocr_carea' id='block_1_2' title="bbox 180 675 1504 4656">
    <p class='ocr_par' dir='ltr' id='par_1_2' title="bbox 180 675 1504 4656">
     <span class='ocr_line' id='line_1_2' title="bbox 206 675 1379 790; baseline 0 -30"><span class='ocrx_word' id='word_1_2' title='bbox 206 676 379 790; x_wconf 85' lang='lat' dir='ltr'><em>proprius</em></span> <span class='ocrx_word' id='word_1_3' title='bbox 392 675 453 784; x_wconf 85' lang='lat' dir='ltr'><em>est,</em></span> <span class='ocrx_word' id='word_1_4' title='bbox 474 695 518 759; x_wconf 88' lang='lat' dir='ltr'><em>ut</em></span> <span class='ocrx_word' id='word_1_5' title='bbox 536 675 596 761; x_wconf 90' lang='lat' dir='ltr'><em>ita</em></span> <span class='ocrx_word' id='word_1_6' title='bbox 613 676 741 772; x_wconf 82' lang='lat' dir='ltr'><em>alicam,</em></span> <span class='ocrx_word' id='word_1_7' title='bbox 761 683 857 763; x_wconf 90' lang='lat' dir='ltr'><em>color</em></span> <span class='ocrx_word' id='word_1_8' title='bbox 873 679 917 760; x_wconf 58' lang='grc' dir='ltr'>ὅ</span> <span class='ocrx_word' id='word_1_9' title='bbox 922 679 1070 788; x_wconf 85' lang='lat' dir='ltr'><em>figura.</em></span> <span class='ocrx_word' id='word_1_10' title='bbox 1100 677 1160 758; x_wconf 86' lang='lat' dir='ltr'><em>At</em></span> <span class='ocrx_word' id='word_1_11' title='bbox 1179 705 1266 760; x_wconf 90' lang='lat' dir='ltr'><em>vero</em></span> <span class='ocrx_word' id='word_1_12' title='bbox 1283 676 1379 760; x_wconf 85' lang='lat' dir='ltr'><em>Elo-</em></span> 
     </span>
     <span class='ocr_line' id='line_1_3' title="bbox 210 807 1384 919; baseline 0.001 -32"><span class='ocrx_word' id='word_1_13' title='bbox 210 809 334 919; x_wconf 71' lang='lat' dir='ltr'><em>giutp,</em></span> <span class='ocrx_word' id='word_1_14' title='bbox 374 826 557 918; x_wconf 89' lang='lat' dir='ltr'><em>utcunque</em></span> <span class='ocrx_word' id='word_1_15' title='bbox 583 807 636 890; x_wconf 87' lang='lat' dir='ltr'><em>od</em></span> <span class='ocrx_word' id='word_1_16' title='bbox 656 834 774 913; x_wconf 84' lang='lat' dir='ltr'><em>genus</em></span> <span class='ocrx_word' id='word_1_17' title='bbox 803 808 1022 891; x_wconf 90' lang='lat' dir='ltr'><em>Oratorium</em></span> <span class='ocrx_word' id='word_1_18' title='bbox 1055 807 1261 914; x_wconf 86' lang='lat' dir='ltr'><em>reseratur,</em></span> <span class='ocrx_word' id='word_1_19' title='bbox 1291 807 1384 888; x_wconf 88' lang='lat' dir='ltr'><em>illud</em></span> 
     </span>
     <span class='ocr_line' id='line_1_4' title="bbox 212 938 1381 1049; baseline -0.001 -30"><span class='ocrx_word' id='word_1_20' title='bbox 212 938 321 1020; x_wconf 86' lang='lat' dir='ltr'><em>babet</em></span> <span class='ocrx_word' id='word_1_21' title='bbox 332 941 531 1048; x_wconf 83' lang='lat' dir='ltr'><em>peculiare,</em></span> <span class='ocrx_word' id='word_1_22' title='bbox 559 955 603 1020; x_wconf 91' lang='lat' dir='ltr'><em>ut</em></span> <span class='ocrx_word' id='word_1_23' title='bbox 622 940 660 1020; x_wconf 92' lang='lat' dir='ltr'><em>in</em></span> <span class='ocrx_word' id='word_1_24' title='bbox 681 968 718 1020; x_wconf 89' lang='lat' dir='ltr'><em>eo</em></span> <span class='ocrx_word' id='word_1_25' title='bbox 737 940 932 1020; x_wconf 86' lang='lat' dir='ltr'><em>verborum</em></span> <span class='ocrx_word' id='word_1_26' title='bbox 949 969 1020 1020; x_wconf 91' lang='lat' dir='ltr'><em>nou</em></span> <span class='ocrx_word' id='word_1_27' title='bbox 1039 941 1117 1018; x_wconf 86' lang='lat' dir='ltr'><em>tam</em></span> <span class='ocrx_word' id='word_1_28' title='bbox 1137 939 1251 1047; x_wconf 87' lang='lat' dir='ltr'><em>copia,</em></span> <span class='ocrx_word' id='word_1_29' title='bbox 1273 967 1381 1049; x_wconf 86' lang='lat' dir='ltr'><em>quam</em></span> 
     </span>
     <span class='ocr_line' id='line_1_5' title="bbox 212 1069 1382 1183; baseline 0.001 -32"><span class='ocrx_word' id='word_1_30' title='bbox 212 1069 363 1152; x_wconf 73' lang='lat' dir='ltr'><em>nauus</em></span> <span class='ocrx_word' id='word_1_31' title='bbox 380 1072 564 1180; x_wconf 81' lang='lat' dir='ltr'><em>exigatur.</em></span> <span class='ocrx_word' id='word_1_32' title='bbox 607 1071 791 1152; x_wconf 88' lang='lat' dir='ltr'><em>Laudatio</em></span> <span class='ocrx_word' id='word_1_33' title='bbox 821 1092 944 1183; x_wconf 88' lang='lat' dir='ltr'><em>nempe</em></span> <span class='ocrx_word' id='word_1_34' title='bbox 971 1070 1163 1151; x_wconf 82' lang='lat' dir='ltr'><em>exhibetur</em></span> <span class='ocrx_word' id='word_1_35' title='bbox 1188 1073 1382 1176; x_wconf 73' lang='lat' dir='ltr'><em>magnffica</em></span> 
     </span>
     <span class='ocr_line' id='line_1_6' title="bbox 213 1197 1381 1309; baseline 0 -29"><span class='ocrx_word' id='word_1_36' title='bbox 213 1200 364 1308; x_wconf 84' lang='lat' dir='ltr'><em>quidem,</em></span> <span class='ocrx_word' id='word_1_37' title='bbox 378 1197 454 1309; x_wconf 71' lang='lat' dir='ltr'><em>fid</em></span> <span class='ocrx_word' id='word_1_38' title='bbox 466 1199 586 1280; x_wconf 85' lang='lat' dir='ltr'><em>eadem</em></span> <span class='ocrx_word' id='word_1_39' title='bbox 606 1201 892 1306; x_wconf 78' lang='lat' dir='ltr'><em>compendiar1a3</em></span> <span class='ocrx_word' id='word_1_40' title='bbox 923 1200 1068 1284; x_wconf 90' lang='lat' dir='ltr'><em>multum</em></span> <span class='ocrx_word' id='word_1_41' title='bbox 1087 1202 1223 1284; x_wconf 89' lang='lat' dir='ltr'><em>habens</em></span> <span class='ocrx_word' id='word_1_42' title='bbox 1241 1202 1381 1295; x_wconf 85' lang='lat' dir='ltr'><em>nitoris,</em></span> 
     </span>
     <span class='ocr_line' id='line_1_7' title="bbox 214 1331 1383 1444; baseline 0.003 -34"><span class='ocrx_word' id='word_1_43' title='bbox 214 1331 586 1440; x_wconf 85' lang='lat' dir='ltr'><em>nequestmplicitatis</em></span> <span class='ocrx_word' id='word_1_44' title='bbox 613 1333 758 1423; x_wconf 80' lang='lat' dir='ltr'><em>minus3</em></span> <span class='ocrx_word' id='word_1_45' title='bbox 793 1332 901 1415; x_wconf 81' lang='lat' dir='ltr'><em>elittio</em></span> <span class='ocrx_word' id='word_1_46' title='bbox 931 1335 1059 1444; x_wconf 82' lang='lat' dir='ltr'><em>ubique</em></span> <span class='ocrx_word' id='word_1_47' title='bbox 1079 1334 1240 1442; x_wconf 85' lang='lat' dir='ltr'><em>preffior,</em></span> <span class='ocrx_word' id='word_1_48' title='bbox 1270 1351 1383 1444; x_wconf 86' lang='lat' dir='ltr'><em>atque</em></span> 
     </span>
     <span class='ocr_line' id='line_1_8' title="bbox 214 1461 1382 1579; baseline 0.003 -35"><span class='ocrx_word' id='word_1_49' title='bbox 214 1461 434 1545; x_wconf 87' lang='lat' dir='ltr'><em>elaboratior</em></span> <span class='ocrx_word' id='word_1_50' title='bbox 446 1501 459 1555; x_wconf 82' lang='lat'>3</span> <span class='ocrx_word' id='word_1_51' title='bbox 488 1466 688 1577; x_wconf 74' lang='lat' dir='ltr'><em>stutentia</em></span> <span class='ocrx_word' id='word_1_52' title='bbox 716 1465 889 1572; x_wconf 72' lang='lat' dir='ltr'><em>derfiores</em></span> <span class='ocrx_word' id='word_1_53' title='bbox 918 1487 1031 1579; x_wconf 87' lang='lat' dir='ltr'><em>atque</em></span> <span class='ocrx_word' id='word_1_54' title='bbox 1062 1469 1298 1576; x_wconf 84' lang='lat' dir='ltr'><em>argutiorer;</em></span> <span class='ocrx_word' id='word_1_55' title='bbox 1339 1468 1382 1548; x_wconf 54' lang='grc' dir='ltr'><em>ΕΘ</em></span> 
     </span>
     <span class='ocr_line' id='line_1_9' title="bbox 210 1597 1380 1712; baseline 0.001 -33"><span class='ocrx_word' id='word_1_56' title='bbox 210 1601 418 1708; x_wconf 86' lang='lat' dir='ltr'><em>plerumque</em></span> <span class='ocrx_word' id='word_1_57' title='bbox 434 1599 474 1678; x_wconf 90' lang='lat' dir='ltr'><em>iu</em></span> <span class='ocrx_word' id='word_1_58' title='bbox 485 1597 714 1710; x_wconf 76' lang='lat' dir='ltr'><em>periodorum</em></span> <span class='ocrx_word' id='word_1_59' title='bbox 732 1600 900 1711; x_wconf 80' lang='lat' dir='ltr'><em>claustolis</em></span> <span class='ocrx_word' id='word_1_60' title='bbox 911 1633 1058 1684; x_wconf 85' lang='lat' dir='ltr'><em>acumen</em></span> <span class='ocrx_word' id='word_1_61' title='bbox 1071 1621 1164 1712; x_wconf 89' lang='lat' dir='ltr'><em>pene</em></span> <span class='ocrx_word' id='word_1_62' title='bbox 1179 1602 1380 1710; x_wconf 85' lang='lat' dir='ltr'><em>Epigram-</em></span> 
     </span>
     <span class='ocr_line' id='line_1_10' title="bbox 215 1729 1382 1846; baseline 0.001 -34"><span class='ocrx_word' id='word_1_63' title='bbox 215 1733 411 1824; x_wconf 76' lang='lat' dir='ltr'><em>moticum3</em></span> <span class='ocrx_word' id='word_1_64' title='bbox 453 1763 499 1813; x_wconf 85' lang='lat' dir='ltr'><em>eu</em></span> <span class='ocrx_word' id='word_1_65' title='bbox 522 1735 648 1843; x_wconf 85' lang='lat' dir='ltr'><em>quibus</em></span> <span class='ocrx_word' id='word_1_66' title='bbox 668 1735 744 1827; x_wconf 90' lang='lat' dir='ltr'><em>illa,</em></span> <span class='ocrx_word' id='word_1_67' title='bbox 773 1762 852 1846; x_wconf 81' lang='lat' dir='ltr'><em>qua</em></span> <span class='ocrx_word' id='word_1_68' title='bbox 869 1733 1150 1818; x_wconf 68' lang='lat' dir='ltr'><em>inarmatus</em></span> <span class='ocrx_word' id='word_1_69' title='bbox 1161 1736 1303 1844; x_wconf 82' lang='lat' dir='ltr'><em>sapius</em></span> <span class='ocrx_word' id='word_1_70' title='bbox 1319 1729 1382 1813; x_wconf 86' lang='lat' dir='ltr'><em>de-</em></span> 
     </span>
     <span class='ocr_line' id='line_1_11' title="bbox 202 1864 808 1982; baseline 0.003 -33"><span class='ocrx_word' id='word_1_71' title='bbox 202 1868 408 1975; x_wconf 79' lang='lat' dir='ltr'><em>fideratur,</em></span> <span class='ocrx_word' id='word_1_72' title='bbox 437 1864 565 1963; x_wconf 68' lang='lat' dir='ltr'><em>beticum</em></span> <span class='ocrx_word' id='word_1_73' title='bbox 583 1872 673 1980; x_wconf 76' lang='lat' dir='ltr'><em>offici</em></span> <span class='ocrx_word' id='word_1_74' title='bbox 690 1873 808 1982; x_wconf 81' lang='lat' dir='ltr'><em>pofflt.</em></span> 
     </span>
     <span class='ocr_line' id='line_1_12' title="bbox 268 2013 1383 2126; baseline -0.003 -31"><span class='ocrx_word' id='word_1_75' title='bbox 268 2014 394 2095; x_wconf 88' lang='lat' dir='ltr'><em>Sentis</em></span> <span class='ocrx_word' id='word_1_76' title='bbox 413 2013 573 2120; x_wconf 80' lang='lat' dir='ltr'><em>profetlo</em></span> <span class='ocrx_word' id='word_1_77' title='bbox 601 2045 735 2096; x_wconf 84' lang='lat' dir='ltr'><em>motum</em></span> <span class='ocrx_word' id='word_1_78' title='bbox 765 2017 839 2097; x_wconf 89' lang='lat' dir='ltr'><em>una</em></span> <span class='ocrx_word' id='word_1_79' title='bbox 867 2017 977 2126; x_wconf 81' lang='lat' dir='ltr'><em>qubm</em></span> <span class='ocrx_word' id='word_1_80' title='bbox 991 2018 1051 2122; x_wconf 83' lang='lat' dir='ltr'><em>fit</em></span> <span class='ocrx_word' id='word_1_81' title='bbox 1071 2017 1246 2124; x_wconf 79' lang='lat' dir='ltr'><em>operostcm</em></span> <span class='ocrx_word' id='word_1_82' title='bbox 1272 2031 1383 2122; x_wconf 84' lang='lat' dir='ltr'><em>atque</em></span> 
     </span>
     <span class='ocr_line' id='line_1_13' title="bbox 212 2135 1381 2256; baseline -0.001 -29"><span class='ocrx_word' id='word_1_83' title='bbox 212 2143 419 2255; x_wconf 72' lang='lat' dir='ltr'><em>perdffeile</em></span> <span class='ocrx_word' id='word_1_84' title='bbox 435 2147 500 2227; x_wconf 88' lang='lat' dir='ltr'><em>boc</em></span> <span class='ocrx_word' id='word_1_85' title='bbox 511 2148 702 2256; x_wconf 85' lang='lat' dir='ltr'><em>scribendi</em></span> <span class='ocrx_word' id='word_1_86' title='bbox 721 2176 866 2254; x_wconf 84' lang='lat' dir='ltr'><em>genus:</em></span> <span class='ocrx_word' id='word_1_87' title='bbox 896 2150 998 2230; x_wconf 84' lang='lat' dir='ltr'><em>vides</em></span> <span class='ocrx_word' id='word_1_88' title='bbox 1017 2147 1120 2254; x_wconf 73' lang='lat' dir='ltr'><em>quim</em></span> <span class='ocrx_word' id='word_1_89' title='bbox 1142 2149 1293 2253; x_wconf 87' lang='lat' dir='ltr'><em>undique</em></span> <span class='ocrx_word' id='word_1_90' title='bbox 1309 2135 1381 2226; x_wconf 86' lang='lat' dir='ltr'><em>an·</em></span> 
     </span>
     <span class='ocr_line' id='line_1_14' title="bbox 180 2278 1383 2386; baseline -0.001 -30"><span class='ocrx_word' id='word_1_91' title='bbox 180 2362 182 2367; x_wconf 54' lang='grc'>,</span> <span class='ocrx_word' id='word_1_92' title='bbox 217 2293 291 2384; x_wconf 86' lang='lat' dir='ltr'><em>ceps</em></span> <span class='ocrx_word' id='word_1_93' title='bbox 310 2307 404 2358; x_wconf 90' lang='lat' dir='ltr'><em>cura</em></span> <span class='ocrx_word' id='word_1_94' title='bbox 417 2278 460 2358; x_wconf 70' lang='lat'><em>&amp;5</em></span> <span class='ocrx_word' id='word_1_95' title='bbox 475 2279 686 2386; x_wconf 86' lang='lat' dir='ltr'><em>sollicitudo</em></span> <span class='ocrx_word' id='word_1_96' title='bbox 704 2299 872 2361; x_wconf 86' lang='lat' dir='ltr'><em>exerceat</em></span> <span class='ocrx_word' id='word_1_97' title='bbox 890 2280 1087 2386; x_wconf 77' lang='lat' dir='ltr'><em>desummo</em></span> <span class='ocrx_word' id='word_1_98' title='bbox 1106 2308 1229 2357; x_wconf 87' lang='lat' dir='ltr'><em>rerum</em></span> <span class='ocrx_word' id='word_1_99' title='bbox 1247 2305 1383 2357; x_wconf 81' lang='lat' dir='ltr'><em>caven-</em></span> 
     </span>
     <span class='ocr_line' id='line_1_15' title="bbox 219 2409 1382 2523; baseline -0.002 -34"><span class='ocrx_word' id='word_1_100' title='bbox 219 2428 305 2503; x_wconf 86' lang='lat' dir='ltr'><em>tem;</em></span> <span class='ocrx_word' id='word_1_101' title='bbox 336 2412 529 2522; x_wconf 87' lang='lat' dir='ltr'><em>nescilicet</em></span> <span class='ocrx_word' id='word_1_102' title='bbox 547 2409 652 2514; x_wconf 80' lang='lat' dir='ltr'><em>r&#39;usra</em></span> <span class='ocrx_word' id='word_1_103' title='bbox 670 2416 882 2523; x_wconf 88' lang='lat' dir='ltr'><em>argumenti</em></span> <span class='ocrx_word' id='word_1_104' title='bbox 897 2413 1110 2517; x_wconf 85' lang='lat' dir='ltr'><em>dignitatem</em></span> <span class='ocrx_word' id='word_1_105' title='bbox 1127 2413 1246 2518; x_wconf 88' lang='lat' dir='ltr'><em>impar</em></span> <span class='ocrx_word' id='word_1_106' title='bbox 1264 2410 1382 2490; x_wconf 86' lang='lat' dir='ltr'><em>oratio</em></span> 
     </span>
     <span class='ocr_line' id='line_1_16' title="bbox 206 2544 1504 2657; baseline -0.002 -29"><span class='ocrx_word' id='word_1_107' title='bbox 206 2545 366 2654; x_wconf 75' lang='lat' dir='ltr'><em>sttbſsdat</em></span> <span class='ocrx_word' id='word_1_108' title='bbox 378 2577 493 2628; x_wconf 87' lang='lat' dir='ltr'><em>-ne</em></span> <span class='ocrx_word' id='word_1_109' title='bbox 503 2548 616 2652; x_wconf 87' lang='lat' dir='ltr'><em>forte</em></span> <span class='ocrx_word' id='word_1_110' title='bbox 632 2545 769 2657; x_wconf 86' lang='lat' dir='ltr'><em>legenti</em></span> <span class='ocrx_word' id='word_1_111' title='bbox 784 2563 853 2629; x_wconf 89' lang='lat' dir='ltr'><em>&#39;aut</em></span> <span class='ocrx_word' id='word_1_112' title='bbox 872 2549 958 2629; x_wconf 88' lang='lat' dir='ltr'><em>binc</em></span> <span class='ocrx_word' id='word_1_113' title='bbox 977 2544 1122 2627; x_wconf 82' lang='lat' dir='ltr'><em>taedrum</em></span> <span class='ocrx_word' id='word_1_114' title='bbox 1133 2545 1269 2655; x_wconf 91' lang='lat' dir='ltr'><em>pariat</em></span> <span class='ocrx_word' id='word_1_115' title='bbox 1288 2574 1383 2626; x_wconf 87' lang='lat' dir='ltr'><em>nar·</em></span> <span class='ocrx_word' id='word_1_116' title='bbox 1499 2648 1504 2655; x_wconf 84' lang='lat'><em>.</em></span> 
     </span>
     <span class='ocr_line' id='line_1_17' title="bbox 220 2677 1379 2791; baseline 0.002 -34"><span class='ocrx_word' id='word_1_117' title='bbox 220 2680 372 2761; x_wconf 87' lang='lat' dir='ltr'><em>rationis</em></span> <span class='ocrx_word' id='word_1_118' title='bbox 389 2680 564 2786; x_wconf 69' lang='lat' dir='ltr'><em>bssorica</em></span> <span class='ocrx_word' id='word_1_119' title='bbox 578 2682 799 2791; x_wconf 80' lang='lat' dir='ltr'><em>ſsmplicitas</em></span> <span class='ocrx_word' id='word_1_120' title='bbox 824 2680 1015 2772; x_wconf 82' lang='lat' dir='ltr'><em>inornata,</em></span> <span class='ocrx_word' id='word_1_121' title='bbox 1043 2700 1111 2759; x_wconf 85' lang='lat' dir='ltr'><em>aut</em></span> <span class='ocrx_word' id='word_1_122' title='bbox 1140 2680 1240 2761; x_wconf 91' lang='lat' dir='ltr'><em>illinc</em></span> <span class='ocrx_word' id='word_1_123' title='bbox 1259 2677 1379 2785; x_wconf 73' lang='lat' dir='ltr'><em>falli·</em></span> 
     </span>
     <span class='ocr_line' id='line_1_18' title="bbox 220 2814 1381 2924; baseline -0.004 -29"><span class='ocrx_word' id='word_1_124' title='bbox 220 2814 311 2896; x_wconf 88' lang='lat' dir='ltr'><em>dium</em></span> <span class='ocrx_word' id='word_1_125' title='bbox 329 2814 508 2895; x_wconf 88' lang='lat' dir='ltr'><em>Criticum</em></span> <span class='ocrx_word' id='word_1_126' title='bbox 519 2833 698 2924; x_wconf 86' lang='lat' dir='ltr'><em>provocet</em></span> <span class='ocrx_word' id='word_1_127' title='bbox 715 2815 949 2924; x_wconf 86' lang='lat' dir='ltr'><em>argutiarum</em></span> <span class='ocrx_word' id='word_1_128' title='bbox 965 2814 1150 2923; x_wconf 87' lang='lat' dir='ltr'><em>frequens</em></span> <span class='ocrx_word' id='word_1_129' title='bbox 1167 2814 1352 2923; x_wconf 74' lang='lat' dir='ltr'><em>affittmn</em></span> <span class='ocrx_word' id='word_1_130' title='bbox 1368 2847 1381 2902; x_wconf 75' lang='grc' dir='ltr'><strong>ς</strong></span> 
     </span>
     <span class='ocr_line' id='line_1_19' title="bbox 221 2946 1382 3057; baseline -0.005 -28"><span class='ocrx_word' id='word_1_131' title='bbox 221 2978 262 3029; x_wconf 89' lang='lat' dir='ltr'><em>ne</em></span> <span class='ocrx_word' id='word_1_132' title='bbox 274 2951 389 3057; x_wconf 85' lang='lat' dir='ltr'><em>sorte</em></span> <span class='ocrx_word' id='word_1_133' title='bbox 411 2965 481 3029; x_wconf 88' lang='lat' dir='ltr'><em>aut</em></span> <span class='ocrx_word' id='word_1_134' title='bbox 507 2949 545 3029; x_wconf 91' lang='lat' dir='ltr'><em>in</em></span> <span class='ocrx_word' id='word_1_135' title='bbox 570 2947 824 3055; x_wconf 88' lang='lat' dir='ltr'><em>obscuritatem</em></span> <span class='ocrx_word' id='word_1_136' title='bbox 848 2950 957 3029; x_wconf 89' lang='lat' dir='ltr'><em>abeat</em></span> <span class='ocrx_word' id='word_1_137' title='bbox 989 2948 1176 3029; x_wconf 86' lang='lat' dir='ltr'><em>elaboratu</em></span> <span class='ocrx_word' id='word_1_138' title='bbox 1200 2946 1382 3033; x_wconf 82' lang='lat' dir='ltr'><em>brevitas,</em></span> 
     </span>
     <span class='ocr_line' id='line_1_20' title="bbox 222 3074 1384 3189; baseline -0.005 -28"><span class='ocrx_word' id='word_1_139' title='bbox 222 3100 286 3162; x_wconf 87' lang='lat' dir='ltr'><em>out</em></span> <span class='ocrx_word' id='word_1_140' title='bbox 311 3082 354 3163; x_wconf 91' lang='lat' dir='ltr'><em>in</em></span> <span class='ocrx_word' id='word_1_141' title='bbox 384 3078 593 3189; x_wconf 67' lang='lat' dir='ltr'><em>hyperbolen</em></span> <span class='ocrx_word' id='word_1_142' title='bbox 624 3082 807 3189; x_wconf 63' lang='lat' dir='ltr'><em>excrescat</em></span> <span class='ocrx_word' id='word_1_143' title='bbox 837 3079 1023 3186; x_wconf 90' lang='lat' dir='ltr'><em>ambitiosa</em></span> <span class='ocrx_word' id='word_1_144' title='bbox 1058 3077 1163 3157; x_wconf 89' lang='lat' dir='ltr'><em>nimis</em></span> <span class='ocrx_word' id='word_1_145' title='bbox 1190 3074 1384 3183; x_wconf 86' lang='lat' dir='ltr'><em>grandilo-</em></span> 
     </span>
     <span class='ocr_line' id='line_1_21' title="bbox 223 3217 923 3325; baseline -0.004 -27"><span class='ocrx_word' id='word_1_146' title='bbox 223 3217 374 3323; x_wconf 85' lang='lat' dir='ltr'><em>qucutia.</em></span> <span class='ocrx_word' id='word_1_147' title='bbox 920 3316 923 3325; x_wconf 20' lang='lat'><strong><em>³</em></strong></span> 
     </span>
     <span class='ocr_line' id='line_1_22' title="bbox 274 3337 1388 3461; baseline -0.011 -29"><span class='ocrx_word' id='word_1_148' title='bbox 274 3353 338 3432; x_wconf 86' lang='lat' dir='ltr'><em>De</em></span> <span class='ocrx_word' id='word_1_149' title='bbox 357 3350 517 3461; x_wconf 89' lang='lat' dir='ltr'><em>opusculo</em></span> <span class='ocrx_word' id='word_1_150' title='bbox 533 3346 670 3459; x_wconf 82' lang='lat' dir='ltr'><em>quidem</em></span> <span class='ocrx_word' id='word_1_151' title='bbox 684 3348 750 3427; x_wconf 89' lang='lat' dir='ltr'><em>boc</em></span> <span class='ocrx_word' id='word_1_152' title='bbox 767 3348 882 3455; x_wconf 83' lang='lat' dir='ltr'><em>nostro</em></span> <span class='ocrx_word' id='word_1_153' title='bbox 901 3346 997 3429; x_wconf 87' lang='lat' dir='ltr'><em>nibil</em></span> <span class='ocrx_word' id='word_1_154' title='bbox 1010 3342 1113 3425; x_wconf 85' lang='lat' dir='ltr'><em>aliud</em></span> <span class='ocrx_word' id='word_1_155' title='bbox 1128 3338 1215 3425; x_wconf 76' lang='lat' dir='ltr'><em>Tibi</em></span> <span class='ocrx_word' id='word_1_156' title='bbox 1222 3337 1388 3451; x_wconf 84' lang='lat' dir='ltr'><em>polliceri</em></span> 
     </span>
     <span class='ocr_line' id='line_1_23' title="bbox 225 3466 1389 3592; baseline -0.003 -33"><span class='ocrx_word' id='word_1_157' title='bbox 225 3482 328 3585; x_wconf 74' lang='lat' dir='ltr'><em>acesim</em></span> <span class='ocrx_word' id='word_1_158' title='bbox 359 3466 466 3592; x_wconf 87' lang='lat' dir='ltr'><em>quam</em></span> <span class='ocrx_word' id='word_1_159' title='bbox 496 3474 600 3589; x_wconf 81' lang='lat' dir='ltr'><em>quod,</em></span> <span class='ocrx_word' id='word_1_160' title='bbox 632 3496 749 3587; x_wconf 89' lang='lat' dir='ltr'><em>prout</em></span> <span class='ocrx_word' id='word_1_161' title='bbox 779 3476 917 3573; x_wconf 81' lang='lat' dir='ltr'><em>Tituli,</em></span> <span class='ocrx_word' id='word_1_162' title='bbox 953 3506 1053 3588; x_wconf 90' lang='lat' dir='ltr'><em>quem</em></span> <span class='ocrx_word' id='word_1_163' title='bbox 1080 3476 1254 3582; x_wconf 78' lang='lat' dir='ltr'><em>praftrt,</em></span> <span class='ocrx_word' id='word_1_164' title='bbox 1290 3474 1389 3555; x_wconf 88' lang='lat' dir='ltr'><em>ratio</em></span> 
     </span>
     <span class='ocr_line' id='line_1_24' title="bbox 219 3603 1388 3724; baseline -0.005 -33"><span class='ocrx_word' id='word_1_165' title='bbox 219 3614 347 3724; x_wconf 29' lang='lat' dir='ltr'><em>&#39;exo‘gia</em></span> <span class='ocrx_word' id='word_1_166' title='bbox 384 3611 553 3693; x_wconf 82' lang='lat' dir='ltr'><em>exhibeat</em></span> <span class='ocrx_word' id='word_1_167' title='bbox 586 3611 698 3717; x_wconf 88' lang='lat' dir='ltr'><em>elogia</em></span> <span class='ocrx_word' id='word_1_168' title='bbox 735 3640 868 3691; x_wconf 83' lang='lat' dir='ltr'><em>mera:</em></span> <span class='ocrx_word' id='word_1_169' title='bbox 912 3608 1207 3691; x_wconf 71' lang='lat' dir='ltr'><em>obtrectationem</em></span> <span class='ocrx_word' id='word_1_170' title='bbox 1242 3603 1388 3696; x_wconf 92' lang='lat' dir='ltr'><em>nullam,</em></span> 
     </span>
     <span class='ocr_line' id='line_1_25' title="bbox 228 3743 1388 3859; baseline -0.005 -32"><span class='ocrx_word' id='word_1_171' title='bbox 228 3751 403 3833; x_wconf 78' lang='lat' dir='ltr'><em>Pontium</em></span> <span class='ocrx_word' id='word_1_172' title='bbox 413 3746 627 3859; x_wconf 76' lang='lat' dir='ltr'><em>offeefionem</em></span> <span class='ocrx_word' id='word_1_173' title='bbox 645 3766 712 3827; x_wconf 90' lang='lat' dir='ltr'><em>aut</em></span> <span class='ocrx_word' id='word_1_174' title='bbox 730 3748 972 3830; x_wconf 89' lang='lat' dir='ltr'><em>adulationem</em></span> <span class='ocrx_word' id='word_1_175' title='bbox 991 3747 1141 3836; x_wconf 89' lang='lat' dir='ltr'><em>nullum,</em></span> <span class='ocrx_word' id='word_1_176' title='bbox 1167 3745 1264 3827; x_wconf 88' lang='lat' dir='ltr'><em>nibil</em></span> <span class='ocrx_word' id='word_1_177' title='bbox 1286 3743 1388 3824; x_wconf 89' lang='lat' dir='ltr'><em>deni·</em></span> 
     </span>
     <span class='ocr_line' id='line_1_26' title="bbox 228 3872 1402 3999; baseline -0.008 -37"><span class='ocrx_word' id='word_1_178' title='bbox 228 3914 290 3993; x_wconf 83' lang='lat' dir='ltr'><em>que</em></span> <span class='ocrx_word' id='word_1_179' title='bbox 306 3883 359 3966; x_wconf 83' lang='lat' dir='ltr'><em>ad</em></span> <span class='ocrx_word' id='word_1_180' title='bbox 372 3882 488 3964; x_wconf 84' lang='lat' dir='ltr'><em>obium</em></span> <span class='ocrx_word' id='word_1_181' title='bbox 508 3898 576 3963; x_wconf 87' lang='lat' dir='ltr'><em>aut</em></span> <span class='ocrx_word' id='word_1_182' title='bbox 596 3880 774 3963; x_wconf 87' lang='lat' dir='ltr'><em>inuidiam</em></span> <span class='ocrx_word' id='word_1_183' title='bbox 784 3878 929 3999; x_wconf 72' lang='lat' dir='ltr'><em>stnssre</em></span> <span class='ocrx_word' id='word_1_184' title='bbox 948 3878 1129 3959; x_wconf 85' lang='lat' dir='ltr'><em>detortum</em></span> <span class='ocrx_word' id='word_1_185' title='bbox 1139 3912 1152 3969; x_wconf 84' lang='lat'>3</span> <span class='ocrx_word' id='word_1_186' title='bbox 1168 3876 1242 3985; x_wconf 69' lang='lat' dir='ltr'><em>sed</em></span> <span class='ocrx_word' id='word_1_187' title='bbox 1258 3872 1402 3955; x_wconf 58' lang='lat' dir='ltr'><em>Homi?</em></span> 
     </span>
     <span class='ocr_line' id='line_1_27' title="bbox 230 4006 1396 4122; baseline -0.005 -27"><span class='ocrx_word' id='word_1_188' title='bbox 230 4016 283 4095; x_wconf 84' lang='lat' dir='ltr'><em>uis</em></span> <span class='ocrx_word' id='word_1_189' title='bbox 307 4012 480 4122; x_wconf 80' lang='lat' dir='ltr'><em>‘Tbeologi</em></span> <span class='ocrx_word' id='word_1_190' title='bbox 504 4014 671 4093; x_wconf 86' lang='lat' dir='ltr'><em>virtutes</em></span> <span class='ocrx_word' id='word_1_191' title='bbox 695 4011 752 4091; x_wconf 86' lang='lat' dir='ltr'><em>ita</em></span> <span class='ocrx_word' id='word_1_192' title='bbox 781 4010 953 4093; x_wconf 85' lang='lat' dir='ltr'><em>laudatas</em></span> <span class='ocrx_word' id='word_1_193' title='bbox 965 4025 1164 4122; x_wconf 89' lang='lat' dir='ltr'><em>proponat,</em></span> <span class='ocrx_word' id='word_1_194' title='bbox 1184 4024 1227 4087; x_wconf 94' lang='lat' dir='ltr'><em>ut</em></span> <span class='ocrx_word' id='word_1_195' title='bbox 1249 4006 1396 4089; x_wconf 78' lang='lat' dir='ltr'><em>Leuni</em></span> 
     </span>
     <span class='ocr_line' id='line_1_28' title="bbox 219 4142 1406 4253; baseline -0.007 -27"><span class='ocrx_word' id='word_1_196' title='bbox 219 4144 337 4253; x_wconf 80' lang='lat' dir='ltr'><em>sedulo</em></span> <span class='ocrx_word' id='word_1_197' title='bbox 356 4143 554 4227; x_wconf 84' lang='lat' dir='ltr'><em>imitandos</em></span> <span class='ocrx_word' id='word_1_198' title='bbox 573 4142 802 4225; x_wconf 89' lang='lat' dir='ltr'><em>commendet.</em></span> <span class='ocrx_word' id='word_1_199' title='bbox 895 4148 896 4153; x_wconf 64' lang='lat'>‘</span> <span class='ocrx_word' id='word_1_200' title='bbox 1402 4233 1406 4241; x_wconf 20' lang='lat'><strong><em>¹</em></strong></span> 
     </span>
     <span class='ocr_line' id='line_1_29' title="bbox 281 4264 1400 4389; baseline -0.006 -36"><span class='ocrx_word' id='word_1_201' title='bbox 281 4275 372 4355; x_wconf 86' lang='lat' dir='ltr'><em>Hac</em></span> <span class='ocrx_word' id='word_1_202' title='bbox 383 4276 587 4389; x_wconf 85' lang='lat' dir='ltr'><em>prasotus,</em></span> <span class='ocrx_word' id='word_1_203' title='bbox 615 4264 791 4383; x_wconf 84' lang='lat' dir='ltr'><em>tanquam</em></span> <span class='ocrx_word' id='word_1_204' title='bbox 809 4274 977 4381; x_wconf 80' lang='lat' dir='ltr'><em>hospitem</em></span> <span class='ocrx_word' id='word_1_205' title='bbox 995 4271 1161 4382; x_wconf 74' lang='lat' dir='ltr'><em>officicfics</em></span> <span class='ocrx_word' id='word_1_206' title='bbox 1181 4289 1328 4380; x_wconf 83' lang='lat' dir='ltr'><em>prato,</em></span> <span class='ocrx_word' id='word_1_207' title='bbox 1347 4268 1400 4347; x_wconf 82' lang='lat' dir='ltr'><em>ab</em></span> 
     </span>
     <span class='ocr_line' id='line_1_30' title="bbox 220 4386 1396 4519; baseline 0 -32"><span class='ocrx_word' id='word_1_208' title='bbox 220 4408 446 4518; x_wconf 73' lang='lat' dir='ltr'><em>sepulchrali</em></span> <span class='ocrx_word' id='word_1_209' title='bbox 473 4437 633 4491; x_wconf 86' lang='lat' dir='ltr'><em>marmor</em></span> <span class='ocrx_word' id='word_1_210' title='bbox 663 4427 701 4489; x_wconf 92' lang='lat' dir='ltr'><em>te</em></span> <span class='ocrx_word' id='word_1_211' title='bbox 728 4386 872 4504; x_wconf 76' lang='lat' dir='ltr'><em>deduco,</em></span> <span class='ocrx_word' id='word_1_212' title='bbox 900 4408 1038 4518; x_wconf 87' lang='lat' dir='ltr'><em>Elogii,</em></span> <span class='ocrx_word' id='word_1_213' title='bbox 1067 4404 1161 4518; x_wconf 87' lang='lat' dir='ltr'><em>quod</em></span> <span class='ocrx_word' id='word_1_214' title='bbox 1185 4408 1396 4519; x_wconf 71' lang='lat' dir='ltr'><em>irfiroptum</em></span> 
     </span>
     <span class='ocr_line' id='line_1_31' title="bbox 237 4536 1272 4656; baseline 0.006 -35"><span class='ocrx_word' id='word_1_215' title='bbox 237 4536 348 4636; x_wconf 80' lang='lat' dir='ltr'><em>vites,</em></span> <span class='ocrx_word' id='word_1_216' title='bbox 376 4538 639 4656; x_wconf 80' lang='lat' dir='ltr'><em>exploratorem</em></span> <span class='ocrx_word' id='word_1_217' title='bbox 658 4541 846 4652; x_wconf 81' lang='lat' dir='ltr'><em>curioficm,</em></span> <span class='ocrx_word' id='word_1_218' title='bbox 874 4540 1048 4649; x_wconf 65' lang='lat' dir='ltr'><em>cerfforem</em></span> <span class='ocrx_word' id='word_1_219' title='bbox 1067 4537 1272 4652; x_wconf 65' lang='lat' dir='ltr'><em>benignum.</em></span> 
     </span>
    </p>
   </div>
   <div class='ocr_carea' id='block_1_3' title="bbox 0 0 1794 5175">
    <p class='ocr_par' dir='ltr' id='par_1_3' title="bbox 0 0 1794 5175">
     <span class='ocr_line' id='line_1_32' title="bbox 0 0 1794 5175; baseline 0 0"><span class='ocrx_word' id='word_1_220' title='bbox 0 0 1794 5175; x_wconf 95' lang='lat' dir='ltr'><em> </em></span> 
     </span>
    </p>
   </div>
  </div>
 </body>
</html>
