3509 5175
657 440 913 586 [n]

208 668 376 754 Antehac
393 664 500 755 nefas
517 664 692 750 attollere
705 667 831 751 libera

208 839 361 923 Cervice
377 838 554 923 vultum:
592 836 821 946 degenerem
839 863 959 946 pavor

258 1006 393 1091 Stravit
410 1005 607 1119 popellum
617 1040 631 1094 ς
660 1031 736 1086 vox
755 1004 936 1086 tubarum

311 1180 509 1261 Attonitas
527 1173 742 1260 tremefecit
761 1175 896 1254 urbes:
915 1163 917 1168 ’

210 1346 378 1428 Antehac
397 1346 518 1429 viator
538 1343 691 1424 tramite
708 1340 821 1461 devio

212 1514 336 1624 Repfit
352 1512 586 1618 tremiscens,
614 1505 732 1592 hostis
752 1527 797 1589 ut
815 1506 976 1588 insolens
1044 1461 1051 1477 Ι
1080 1501 1086 1540 ³
1147 1527 1149 1534 ’

259 1682 422 1792 Impune
440 1674 602 1763 dese'rtos
621 1703 691 1788 per
709 1702 816 1784 agros
849 1732 851 1739 ,

315 1849 516 1961 Explicuit
534 1836 598 1930 sua
615 1844 736 1928 vietor
754 1867 872 1922 arma.

215 2083 309 2164 Cum
327 2081 378 2162 fic
399 2079 567 2187 jacebas,
596 2077 737 2167 Patria,
765 2072 885 2155 flebili

207 2252 359 2333 'Devota
375 2249 489 2342 cladi,
516 2273 594 2326 non
612 2244 690 2324 fine
709 2241 871 2322 numine

263 2417 447 2506 Debbora
464 2415 619 2507 surrexi,
650 2409 792 2491 ruentis
943 2509 945 2514 Ι

174 2603 175 2606 ‘
317 2584 475 2666 Grande
493 2584 608 2665 decus
626 2579 885 2685 columenque
904 2574 1023 2684 regni.
1053 2664 1057 2673 ,
1078 2613 1081 2626 ’
1241 2588 1243 2596 ’

220 2762 300 2867 Jam
319 2777 406 2841 tum
424 2758 599 2869 superbas
618 2754 866 2838 contudimus
887 2751 1009 2831 minas

221 2926 373 3009 Hostilis
391 2929 478 3008 irae:
508 2954 571 3007 me
590 2927 701 3019 duce,
721 2920 881 3033 pristina

268 3095 398 3179 Virtus
416 3095 635 3177 reviviscens
653 3091 703 3174 ab
720 3088 808 3199 ipfis

325 3266 455 3347 Duxit
475 3288 566 3374 opes
584 3256 804 3365 animosque
829 3252 993 3335 damnis.
1124 3365 1126 3369 Ι

226 3438 391 3532 Miletiae,
421 3436 526 3548 turpi
543 3432 746 3544 languidus
766 3432 863 3523 otio,
952 3478 956 3491 ·

210 3608 335 3690 ‘Cessit
352 3606 486 3689 relista
502 3630 581 3684 non
599 3600 698 3681 bene
717 3597 916 3707 parmula;
982 3592 984 3597 ’

274 3775 326 3859 Et
342 3762 525 3864 nominis,
553 3768 748 3879 laudisque
766 3765 893 3857 avitae,
1006 3863 1010 3874 1

329 3941 457 4053 (Proh
472 3937 594 4051 pudor
608 3934 648 4044 l)
678 3953 718 4017 et
736 3934 865 4047 patriae
884 3928 1049 4013 labantis
1148 4026 1150 4031 ι

231 4111 556 4227 Oblitusi-Ah
577 4113 654 4206 Te,
681 4109 862 4203 Reuben,
890 4103 1016 4188 ovilia,

194 4385 199 4393 ,
232 4284 325 4371 Inter
342 4286 529 4369 latentem
550 4308 636 4391 quae
651 4280 782 4363 ¹tenuit
798 4274 940 4359 mora?

838 4525 930 4606 Ea
