<?xml version="1.0" encoding="UTF-8"?>
<!DOCTYPE html PUBLIC "-//W3C//DTD XHTML 1.0 Transitional//EN"
    "http://www.w3.org/TR/xhtml1/DTD/xhtml1-transitional.dtd">
<html xmlns="http://www.w3.org/1999/xhtml" xml:lang="en" lang="en">
 <head>
  <title>
</title>
<meta http-equiv="Content-Type" content="text/html;charset=utf-8" />
  <meta name='ocr-system' content='tesseract 3.04.00' />
  <meta name='ocr-capabilities' content='ocr_page ocr_carea ocr_par ocr_line ocrx_word'/>
</head>
<body>
  <div class='ocr_page' id='page_1' title='image "./opusculamiscell01burtgoog_0052.png"; bbox 0 0 3509 5175; ppageno 0'>
   <div class='ocr_carea' id='block_1_1' title="bbox 870 435 1130 580">
    <p class='ocr_par' dir='ltr' id='par_1_1' title="bbox 870 345 1133 580">
     <span class='ocr_line' id='line_1_1' title="bbox 870 435 1130 580; baseline 0.015 -4"><span class='ocrx_word' id='word_1_1' title='bbox 870 435 1130 580; x_wconf 77' lang='lat'>[34]</span> 
     </span>
    </p>
   </div>
   <div class='ocr_carea' id='block_1_2' title="bbox 419 641 1351 1597">
    <p class='ocr_par' dir='ltr' id='par_1_2' title="bbox 419 641 1351 1597">
     <span class='ocr_line' id='line_1_2' title="bbox 435 641 1025 764; baseline 0.003 -21"><span class='ocrx_word' id='word_1_2' title='bbox 435 641 440 649; x_wconf 39' lang='lat'>⁴</span> <span class='ocrx_word' id='word_1_3' title='bbox 474 661 568 744; x_wconf 91' lang='lat' dir='ltr'>Hoc</span> <span class='ocrx_word' id='word_1_4' title='bbox 583 660 694 764; x_wconf 75' lang='lat' dir='ltr'>fonte</span> <span class='ocrx_word' id='word_1_5' title='bbox 710 661 1025 746; x_wconf 78' lang='lat' dir='ltr'>derivata‘cladet</span> 
     </span>
     <span class='ocr_line' id='line_1_3' title="bbox 501 784 1351 954; baseline 0.007 -43"><span class='ocrx_word' id='word_1_6' title='bbox 501 943 511 951; x_wconf 15' lang='grc' dir='ltr'>ἣ</span> <span class='ocrx_word' id='word_1_7' title='bbox 529 784 640 913; x_wconf 75' lang='lat' dir='ltr'>Dura</span> <span class='ocrx_word' id='word_1_8' title='bbox 658 832 801 940; x_wconf 89' lang='lat' dir='ltr'><strong>premit</strong></span> <span class='ocrx_word' id='word_1_9' title='bbox 817 833 1011 942; x_wconf 88' lang='lat' dir='ltr'>populum</span> <span class='ocrx_word' id='word_1_10' title='bbox 1030 830 1224 916; x_wconf 86' lang='lat' dir='ltr'>rebellem.</span> <span class='ocrx_word' id='word_1_11' title='bbox 1348 945 1351 954; x_wconf 18' lang='lat' dir='ltr'>y</span> 
     </span>
     <span class='ocr_line' id='line_1_4' title="bbox 419 969 1085 1111; baseline 0 -27"><span class='ocrx_word' id='word_1_12' title='bbox 419 1005 525 1111; x_wconf 84' lang='lat' dir='ltr'>Ergo</span> <span class='ocrx_word' id='word_1_13' title='bbox 544 999 696 1080; x_wconf 86' lang='lat' dir='ltr'>sacratis</span> <span class='ocrx_word' id='word_1_14' title='bbox 715 998 864 1080; x_wconf 83' lang='lat' dir='ltr'>sedibus</span> <span class='ocrx_word' id='word_1_15' title='bbox 883 999 1040 1084; x_wconf 85' lang='lat' dir='ltr'>exulem</span> <span class='ocrx_word' id='word_1_16' title='bbox 1077 969 1085 986; x_wconf 54' lang='grc'><strong>’</strong></span> 
     </span>
     <span class='ocr_line' id='line_1_5' title="bbox 419 1165 1211 1278; baseline -0.001 -29"><span class='ocrx_word' id='word_1_17' title='bbox 419 1169 532 1251; x_wconf 86' lang='lat' dir='ltr'>Vidit</span> <span class='ocrx_word' id='word_1_18' title='bbox 549 1168 739 1274; x_wconf 87' lang='lat' dir='ltr'>Jehovam</span> <span class='ocrx_word' id='word_1_19' title='bbox 757 1165 942 1278; x_wconf 86' lang='lat' dir='ltr'>Shamgar</span> <span class='ocrx_word' id='word_1_20' title='bbox 960 1167 1175 1251; x_wconf 83' lang='lat' dir='ltr'>Anathides</span> <span class='ocrx_word' id='word_1_21' title='bbox 1186 1191 1211 1261; x_wconf 73' lang='grc' dir='ltr'>ς·</span> 
     </span>
     <span class='ocr_line' id='line_1_6' title="bbox 475 1319 1256 1446; baseline -0.001 -29"><span class='ocrx_word' id='word_1_22' title='bbox 475 1338 531 1417; x_wconf 90' lang='lat' dir='ltr'>Et</span> <span class='ocrx_word' id='word_1_23' title='bbox 548 1333 703 1446; x_wconf 85' lang='lat' dir='ltr'>perfidis</span> <span class='ocrx_word' id='word_1_24' title='bbox 721 1336 883 1445; x_wconf 89' lang='lat' dir='ltr'>derepta</span> <span class='ocrx_word' id='word_1_25' title='bbox 901 1336 998 1417; x_wconf 91' lang='lat' dir='ltr'>vidit</span> <span class='ocrx_word' id='word_1_26' title='bbox 1253 1319 1256 1324; x_wconf 34' lang='lat'><strong>¹</strong></span> 
     </span>
     <span class='ocr_line' id='line_1_7' title="bbox 531 1497 1055 1597; baseline 0 -12"><span class='ocrx_word' id='word_1_27' title='bbox 531 1497 728 1585; x_wconf 77' lang='lat' dir='ltr'>Militibus</span> <span class='ocrx_word' id='word_1_28' title='bbox 748 1503 826 1597; x_wconf 83' lang='lat' dir='ltr'>fine</span> <span class='ocrx_word' id='word_1_29' title='bbox 845 1505 947 1596; x_wconf 79' lang='lat' dir='ltr'>caede</span> <span class='ocrx_word' id='word_1_30' title='bbox 965 1506 1055 1585; x_wconf 83' lang='lat' dir='ltr'>tela.</span> 
     </span>
    </p>
   </div>
   <div class='ocr_carea' id='block_1_3' title="bbox 420 1734 1361 4013">
    <p class='ocr_par' dir='ltr' id='par_1_3' title="bbox 420 1734 1361 4013">
     <span class='ocr_line' id='line_1_8' title="bbox 421 1734 1111 1858; baseline -0.006 -40"><span class='ocrx_word' id='word_1_31' title='bbox 421 1739 501 1818; x_wconf 85' lang='lat' dir='ltr'>Vos</span> <span class='ocrx_word' id='word_1_32' title='bbox 520 1734 573 1828; x_wconf 89' lang='grc' dir='ltr'>Ο,</span> <span class='ocrx_word' id='word_1_33' title='bbox 600 1735 745 1858; x_wconf 63' lang='lat' dir='ltr'>sectato</span> <span class='ocrx_word' id='word_1_34' title='bbox 764 1761 860 1847; x_wconf 85' lang='lat' dir='ltr'>quos</span> <span class='ocrx_word' id='word_1_35' title='bbox 878 1736 1111 1815; x_wconf 87' lang='lat' dir='ltr'>venerabiles</span> 
     </span>
     <span class='ocr_line' id='line_1_9' title="bbox 420 1901 1126 2017; baseline -0.004 -32"><span class='ocrx_word' id='word_1_36' title='bbox 420 1907 585 1985; x_wconf 86' lang='lat' dir='ltr'>Honore</span> <span class='ocrx_word' id='word_1_37' title='bbox 603 1902 777 2012; x_wconf 77' lang='lat' dir='ltr'>spee‘tant</span> <span class='ocrx_word' id='word_1_38' title='bbox 795 1901 940 2010; x_wconf 86' lang='lat' dir='ltr'>oppida</span> <span class='ocrx_word' id='word_1_39' title='bbox 955 1903 1126 2017; x_wconf 86' lang='lat' dir='ltr'>candidis</span> 
     </span>
     <span class='ocr_line' id='line_1_10' title="bbox 475 2059 1017 2178; baseline -0.007 -25"><span class='ocrx_word' id='word_1_40' title='bbox 475 2074 618 2153; x_wconf 74' lang='lat' dir='ltr'>Vedios</span> <span class='ocrx_word' id='word_1_41' title='bbox 636 2069 766 2161; x_wconf 82' lang='lat' dir='ltr'>asellis,</span> <span class='ocrx_word' id='word_1_42' title='bbox 796 2093 877 2165; x_wconf 77' lang='lat' dir='ltr'>voe,</span> <span class='ocrx_word' id='word_1_43' title='bbox 904 2059 1017 2178; x_wconf 90' lang='lat' dir='ltr'>periti</span> 
     </span>
     <span class='ocr_line' id='line_1_11' title="bbox 535 2236 1048 2346; baseline -0.006 -28"><span class='ocrx_word' id='word_1_44' title='bbox 535 2239 697 2318; x_wconf 84' lang='lat' dir='ltr'>Solicitae</span> <span class='ocrx_word' id='word_1_45' title='bbox 715 2236 804 2316; x_wconf 86' lang='lat' dir='ltr'>dare</span> <span class='ocrx_word' id='word_1_46' title='bbox 824 2236 912 2342; x_wconf 88' lang='lat' dir='ltr'>jura</span> <span class='ocrx_word' id='word_1_47' title='bbox 929 2238 1048 2346; x_wconf 90' lang='lat' dir='ltr'>plebi,</span> 
     </span>
     <span class='ocr_line' id='line_1_12' title="bbox 424 2402 1105 2514; baseline -0.012 -20"><span class='ocrx_word' id='word_1_48' title='bbox 424 2409 580 2494; x_wconf 87' lang='lat' dir='ltr'>Laudes</span> <span class='ocrx_word' id='word_1_49' title='bbox 596 2403 751 2510; x_wconf 85' lang='lat' dir='ltr'>Jehovae</span> <span class='ocrx_word' id='word_1_50' title='bbox 771 2402 915 2496; x_wconf 82' lang='lat' dir='ltr'>dicite3</span> <span class='ocrx_word' id='word_1_51' title='bbox 945 2406 1011 2514; x_wconf 92' lang='lat' dir='ltr'>qui</span> <span class='ocrx_word' id='word_1_52' title='bbox 1033 2403 1105 2486; x_wconf 84' lang='lat' dir='ltr'>suis</span> 
     </span>
     <span class='ocr_line' id='line_1_13' title="bbox 423 2529 1066 2665; baseline -0.016 -2"><span class='ocrx_word' id='word_1_53' title='bbox 423 2577 523 2663; x_wconf 91' lang='lat' dir='ltr'>Belli</span> <span class='ocrx_word' id='word_1_54' title='bbox 540 2529 722 2655; x_wconf 84' lang='lat' dir='ltr'>secundos</span> <span class='ocrx_word' id='word_1_55' title='bbox 743 2573 909 2654; x_wconf 86' lang='lat' dir='ltr'>reddidit</span> <span class='ocrx_word' id='word_1_56' title='bbox 927 2573 1066 2665; x_wconf 84' lang='lat' dir='ltr'>exitus,</span> 
     </span>
     <span class='ocr_line' id='line_1_14' title="bbox 475 2728 1112 2853; baseline -0.009 -26"><span class='ocrx_word' id='word_1_57' title='bbox 475 2743 687 2853; x_wconf 85' lang='lat' dir='ltr'>Legesque,</span> <span class='ocrx_word' id='word_1_58' title='bbox 711 2740 796 2846; x_wconf 88' lang='lat' dir='ltr'>jam</span> <span class='ocrx_word' id='word_1_59' title='bbox 815 2739 936 2850; x_wconf 84' lang='lat' dir='ltr'>portis</span> <span class='ocrx_word' id='word_1_60' title='bbox 956 2728 1112 2849; x_wconf 73' lang='lat' dir='ltr'>a‘pertis,</span> 
     </span>
     <span class='ocr_line' id='line_1_15' title="bbox 534 2909 1096 3023; baseline -0.009 -32"><span class='ocrx_word' id='word_1_61' title='bbox 534 2910 589 2991; x_wconf 87' lang='lat' dir='ltr'>Et</span> <span class='ocrx_word' id='word_1_62' title='bbox 608 2927 762 3023; x_wconf 22' lang='lat' dir='ltr'>veteres·</span> <span class='ocrx_word' id='word_1_63' title='bbox 775 2909 966 2989; x_wconf 81' lang='lat' dir='ltr'>revocavit</span> <span class='ocrx_word' id='word_1_64' title='bbox 985 2928 1096 2989; x_wconf 85' lang='lat' dir='ltr'>artes.</span> 
     </span>
     <span class='ocr_line' id='line_1_16' title="bbox 424 3036 1099 3189; baseline -0.007 -27"><span class='ocrx_word' id='word_1_65' title='bbox 424 3077 515 3189; x_wconf 72' lang='lat' dir='ltr'>Ql</span> <span class='ocrx_word' id='word_1_66' title='bbox 534 3072 769 3160; x_wconf 83' lang='lat' dir='ltr'>multiformi</span> <span class='ocrx_word' id='word_1_67' title='bbox 787 3076 896 3155; x_wconf 83' lang='lat' dir='ltr'>clade</span> <span class='ocrx_word' id='word_1_68' title='bbox 914 3036 1099 3185; x_wconf 78' lang='lat' dir='ltr'>sagittifer</span> 
     </span>
     <span class='ocr_line' id='line_1_17' title="bbox 426 3242 1130 3361; baseline -0.02 -28"><span class='ocrx_word' id='word_1_69' title='bbox 426 3246 621 3361; x_wconf 85' lang='lat' dir='ltr'>Oppreffit</span> <span class='ocrx_word' id='word_1_70' title='bbox 640 3271 748 3355; x_wconf 79' lang='lat' dir='ltr'>agros</span> <span class='ocrx_word' id='word_1_71' title='bbox 766 3244 900 3357; x_wconf 87' lang='lat' dir='ltr'>hostis,</span> <span class='ocrx_word' id='word_1_72' title='bbox 930 3242 987 3323; x_wconf 91' lang='lat' dir='ltr'>ibi</span> <span class='ocrx_word' id='word_1_73' title='bbox 1006 3242 1111 3351; x_wconf 84' lang='lat' dir='ltr'>viget</span> <span class='ocrx_word' id='word_1_74' title='bbox 1128 3312 1130 3319; x_wconf 91' lang='lat'><em>.</em></span> 
     </span>
     <span class='ocr_line' id='line_1_18' title="bbox 481 3375 1124 3525; baseline -0.009 -28"><span class='ocrx_word' id='word_1_75' title='bbox 481 3375 616 3525; x_wconf 87' lang='lat' dir='ltr'>Jocosa</span> <span class='ocrx_word' id='word_1_76' title='bbox 634 3412 824 3505; x_wconf 83' lang='lat' dir='ltr'>Libertas,</span> <span class='ocrx_word' id='word_1_77' title='bbox 853 3412 1067 3519; x_wconf 89' lang='lat' dir='ltr'>Honorque</span> <span class='ocrx_word' id='word_1_78' title='bbox 1085 3429 1124 3491; x_wconf 91' lang='lat' dir='ltr'>et</span> 
     </span>
     <span class='ocr_line' id='line_1_19' title="bbox 537 3577 1110 3687; baseline -0.009 -26"><span class='ocrx_word' id='word_1_79' title='bbox 537 3583 619 3663; x_wconf 90' lang='lat' dir='ltr'>Ore</span> <span class='ocrx_word' id='word_1_80' title='bbox 640 3582 763 3687; x_wconf 84' lang='lat' dir='ltr'>Qies</span> <span class='ocrx_word' id='word_1_81' title='bbox 783 3579 946 3660; x_wconf 83' lang='lat' dir='ltr'>reticens</span> <span class='ocrx_word' id='word_1_82' title='bbox 966 3577 1110 3661; x_wconf 85' lang='lat' dir='ltr'>sereno.</span> 
     </span>
     <span class='ocr_line' id='line_1_20' title="bbox 430 3704 1361 3860; baseline -0.006 -30"><span class='ocrx_word' id='word_1_83' title='bbox 430 3746 564 3860; x_wconf 72' lang='lat' dir='ltr'>Qim</span> <span class='ocrx_word' id='word_1_84' title='bbox 582 3774 700 3840; x_wconf 90' lang='lat' dir='ltr'>nunc,</span> <span class='ocrx_word' id='word_1_85' title='bbox 729 3746 798 3825; x_wconf 89' lang='lat' dir='ltr'>sub</span> <span class='ocrx_word' id='word_1_86' title='bbox 819 3746 956 3827; x_wconf 86' lang='lat' dir='ltr'>umbra</span> <span class='ocrx_word' id='word_1_87' title='bbox 975 3704 1145 3829; x_wconf 74' lang='lat' dir='ltr'>fluminio</span> <span class='ocrx_word' id='word_1_88' title='bbox 1166 3740 1213 3823; x_wconf 90' lang='lat' dir='ltr'>ad</span> <span class='ocrx_word' id='word_1_89' title='bbox 1229 3760 1361 3853; x_wconf 82' lang='lat' dir='ltr'>caput,</span> 
     </span>
     <span class='ocr_line' id='line_1_21' title="bbox 430 3912 1100 4013; baseline -0.01 -11"><span class='ocrx_word' id='word_1_90' title='bbox 430 3923 515 4002; x_wconf 91' lang='lat' dir='ltr'>Aut</span> <span class='ocrx_word' id='word_1_91' title='bbox 533 3916 576 3996; x_wconf 88' lang='lat' dir='ltr'>in</span> <span class='ocrx_word' id='word_1_92' title='bbox 594 3915 750 3995; x_wconf 63' lang='lat' dir='ltr'>reducta</span> <span class='ocrx_word' id='word_1_93' title='bbox 768 3915 880 4013; x_wconf 80' lang='lat' dir='ltr'>valle,</span> <span class='ocrx_word' id='word_1_94' title='bbox 908 3912 1100 3996; x_wconf 85' lang='lat' dir='ltr'>revolvere</span> 
     </span>
    </p>
   </div>
   <div class='ocr_carea' id='block_1_4' title="bbox 487 4052 1010 4195">
    <p class='ocr_par' dir='ltr' id='par_1_4' title="bbox 487 4052 1010 4195">
     <span class='ocr_line' id='line_1_22' title="bbox 487 4052 1010 4195; baseline -0.015 -28"><span class='ocrx_word' id='word_1_95' title='bbox 487 4080 645 4195; x_wconf 86' lang='lat' dir='ltr'>Juvabit</span> <span class='ocrx_word' id='word_1_96' title='bbox 662 4081 856 4164; x_wconf 87' lang='lat' dir='ltr'>immunes</span> <span class='ocrx_word' id='word_1_97' title='bbox 874 4052 1010 4191; x_wconf 79' lang='lat' dir='ltr'>pericli</span> 
     </span>
    </p>
   </div>
   <div class='ocr_carea' id='block_1_5' title="bbox 543 4196 1311 4359">
    <p class='ocr_par' dir='ltr' id='par_1_5' title="bbox 543 4196 1311 4359">
     <span class='ocr_line' id='line_1_23' title="bbox 543 4196 1311 4359; baseline -0.013 -27"><span class='ocrx_word' id='word_1_98' title='bbox 543 4249 654 4332; x_wconf 88' lang='lat' dir='ltr'>Dura</span> <span class='ocrx_word' id='word_1_99' title='bbox 670 4246 772 4359; x_wconf 84' lang='lat' dir='ltr'>fugae</span> <span class='ocrx_word' id='word_1_100' title='bbox 790 4249 907 4346; x_wconf 85' lang='lat' dir='ltr'>mala,</span> <span class='ocrx_word' id='word_1_101' title='bbox 935 4248 1030 4331; x_wconf 83' lang='lat' dir='ltr'>dura</span> <span class='ocrx_word' id='word_1_102' title='bbox 1046 4245 1166 4333; x_wconf 72' lang='lat' dir='ltr'>belli?</span> <span class='ocrx_word' id='word_1_103' title='bbox 1306 4196 1311 4205; x_wconf 22' lang='grc' dir='ltr'>ι</span> 
     </span>
    </p>
   </div>
   <div class='ocr_carea' id='block_1_6' title="bbox 0 0 1762 5175">
    <p class='ocr_par' dir='ltr' id='par_1_6' title="bbox 0 0 1762 5175">
     <span class='ocr_line' id='line_1_24' title="bbox 0 0 1762 5175; baseline 0 0"><span class='ocrx_word' id='word_1_104' title='bbox 0 0 1762 5175; x_wconf 95' lang='lat' dir='ltr'> </span> 
     </span>
    </p>
   </div>
  </div>
 </body>
</html>
