3509 5175
630 456 663 600 [.
732 493 824 596 291
898 467 923 604 ]

188 687 446 800 perspiceret,
474 685 577 792 inde·
597 687 693 767 adeo
726 692 832 798 quod
862 688 944 770 fere
974 717 1041 800 per
1074 695 1239 773 centum'
1271 713 1372 791 retro

190 846 327 904 annos
346 819 411 901 vix
429 822 509 901 ulla
534 819 733 902 accefferat
763 823 1028 933 locupletati0,
1056 843 1097 904 et
1129 825 1290 933 proinde
1319 827 1371 904 li·

192 963 365 1042 brorum
384 965 642 1042 recentiorum
660 963 820 1072 penuria
841 961 944 1055 eliet,
963 962 1061 1042 etin
1080 964 1225 1044 scriniis
1243 961 1372 1065 hiatus

193 1096 319 1206 plane
346 1095 574 1189 indecorus3
619 1097 703 1176 haec
733 1097 804 1176 Ille
832 1098 930 1176 vidit
960 1097 1180 1191 manime,
1208 1115 1265 1189 ut,
1295 1121 1372 1204 qua

193 1233 339 1346 pollet,
354 1236 463 1313 omni
476 1261 550 1342 ope
564 1231 735 1314 defectus
747 1233 860 1315 hosce
870 1233 1074 1343 suppleret.
1103 1232 1372 1338 Qamobrem

195 1365 370 1444 libraria
389 1364 630 1470 supellcttilis
661 1392 739 1444 non
770 1368 889 1445 modo
909 1364 1138 1456 domesticae,
1170 1365 1372 1445 sedetiam

196 1502 348 1579 exteris
367 1499 408 1578 in
426 1499 659 1605 regionibus,
688 1502 845 1606 sumptu
874 1526 1040 1610 curaque
1068 1528 1146 1578 non
1174 1498 1250 1578 leiti
1273 1525 1372 1577 con·

194 1633 366 1739 quifitae,
395 1631 583 1740 quicquid
602 1650 681 1710 erat
699 1633 820 1712 rarius
841 1652 907 1711 aut
924 1631 1118 1740 pretiofius
1134 1628 1373 1737 congestum,

198 1764 287 1846 huc
304 1765 508 1856 transtulit,
530 1797 646 1870 ampo
660 1795 691 1848 ες
708 1797 772 1852 aa,
791 1792 957 1872 perenne
972 1783 1272 1846 monumentum
1288 1780 1374 1843 tum
1474 1758 1478 1773 '

200 1899 349 1980 honori
367 1899 448 1991 suo,
479 1917 564 1978 tum
585 1897 824 2006 posterorum
844 1898 983 1990 usibus,
1010 1897 1288 1978 consecratum.

263 2039 513 2145 Qlocunque
533 2057 569 2116 te
589 2039 830 2131 converteris,
846 2039 935 2145 jure
953 2037 1200 2116 admiraberis
1219 2039 1376 2146 magni·

202 2171 388 2251 tudinem
406 2169 512 2248 illam
535 2171 656 2250 animi
675 2169 845 2248 universa
859 2165 936 2247 fere
950 2168 1184 2273 cogitatione
1198 2168 1237 2245 de
1258 2168 1385 2245 bene-

203 2306 380 2387 volentia
410 2305 717 2414 complectentis,
745 2307 933 2414 omnique
965 2305 1006 2383 in
1035 2331 1076 2382 re
1107 2303 1209 2384 bono
1235 2303 1375 2383 consu·

203 2444 323 2524 lentis
343 2443 514 2554 publico.

265 2573 360 2657 Huc
387 2575 509 2656 studia
537 2575 602 2655 sua
630 2571 794 2655 contulit
823 2567 982 2653 omnia:
1026 2571 1072 2652 in·
1091 2571 1167 2653 hoc
1186 2568 1378 2651 curriculo

205 2708 335 2789 laudis
365 2709 480 2817 usque
512 2708 690 2801 versatus,
724 2706 1006 2815 rempublicam
1033 2725 1120 2785 tum
1146 2706 1378 2786 Literariam
1418 2711 1421 2716 “
1525 2780 1530 2790 ,

207 2858 301 2921 tum
319 2837 635 2930 Ecclefiasticam,
664 2837 704 2916 in
736 2859 899 2947 utraque
920 2840 1098 2947 princeps
1117 2840 1187 2930 vir,
1215 2865 1378 2946 promo·

206 2967 281 3059 vit,
310 2968 435 3062 auxit,
464 2968 631 3061 ornavit,
658 2966 830 3061 confilio,
858 2968 1083 3075 patrocium,
1111 2967 1303 3077 exemplo.
1321 3010 1378 3028 ·-

208 3102 320 3181 Cum
333 3102 476 3210 itaque,
496 3130 567 3211 pro
581 3101 729 3181 solertia
746 3128 952 3208 rerumque
969 3103 1036 3182 usu
1051 3102 1246 3199 diuturn0‚
1265 3100 1379 3205 peni·

208 3254 275 3315 tus
294 3236 518 3344 perspiceret
537 3233 629 3344 quid
649 3229 887 3339 potiffimum
914 3229 1085 3309 inomni
1104 3248 1211 3337 parte
1230 3227 1377 3309 defide-

209 3394 374 3468 raretut,
403 3401 472 3481 pro
493 3376 717 3453 auctoritate
732 3366 888 3461 cutavit,
917 3394 966 3446 ne
995 3392 1071 3475 qua
1098 3366 1140 3445 in
1169 3393 1210 3446 re
1238 3367 1394 3445 idonea¹

212 3507 384 3619 praefidia
403 3502 845 3587 autsubfidiade-elsent:
875 3496 1048 3608 profedto
1061 3499 1194 3578 omnia
1205 3498 1378 3577 circum-

213 3639 373 3749 spicient
393 3634 682 3749 praecavensque
702 3634 865 3714 fideliter
892 3628 1070 3711 Ecclcfiae
1097 3631 1210 3709 rebus
1234 3628 1379 3735 invigi-

213 3773 332 3867 labat,
360 3770 466 3853 haud
494 3772 597 3852 inani
628 3768 744 3851 titulo
771 3764 1110 3873 Metropolitanus.
1156 3765 1321 3843 Proinde
1349 3760 1378 3841 fi

214 3908 317 3990 forte
336 3926 402 3989 aut
418 3906 708 3988 Pontificiorum
728 3903 942 3993 calumnia,
964 3920 1030 3979 aut
1042 3899 1380 3979 Schismaticorum

216 4062 286 4125 aut
309 4040 420 4123 rebus
448 4042 553 4123 novis
581 4040 816 4119 studentium
846 4035 1156 4123 obtrectationes,
1184 4032 1225 4109 in
1242 4029 1382 4136 vulgus

216 4176 613 4289 pallimjadtarentut,
642 4202 721 4253 non
750 4171 832 4253 Sibi
850 4170 1010 4278 Suisque
1038 4167 1177 4257 defuit,
1205 4164 1267 4244 sed
1286 4190 1379 4272 pro-

217 4326 473 4416 pugnatorem
493 4309 539 4387 Se
557 4305 714 4412 objecit,
742 4303 890 4414 suisque
917 4302 1092 4412 auspiciis
1117 4303 1157 4380 bc
1178 4298 1248 4377 sub
1268 4297 1382 4404 signia

215 4440 291 4523 suis
309 4434 563 4523 militantium
582 4467 656 4551 ope
677 4439 815 4523 vicaria
834 4438 936 4531 usus,
963 4431 1139 4519 Ecclefiae
1158 4431 1385 4540 Anglicanae

767 4571 848 4661 Oo
876 4596 901 4659 2
1202 4562 1385 4645 Politiam
