3509 5175
610 487 903 632 [487]

176 725 283 809 nium
304 717 578 807 munificentia
597 721 768 830 pretium
789 716 993 830 arrogavit.
1024 713 1126 797 Vide
1145 712 1187 796 in
1206 713 1350 800 collato

176 856 362 940 beneficio
380 875 523 964 quanta
541 854 586 937 srt
603 855 738 964 gloria,
767 883 860 936 cum
885 857 927 935 in
955 873 1116 966 accepto
1137 871 1242 936 tanta
1259 854 1350 936 'fue-

176 996 219 1073 rit
238 991 340 1072 laus.
719 1061 722 1072 ,
815 1013 817 1016 ·

226 1124 338 1228 Qae'
359 1138 489 1203 autem
523 1115 598 1198 hac
631 1118 671 1197 in
702 1135 807 1226 parte
826 1115 1003 1227 praeclara
1021 1115 1173 1212 fecerit,
1201 1114 1349 1224 singula

176 1255 372 1334 recensere
401 1251 635 1360 perlongum
666 1247 754 1327 sane
783 1247 896 1339 foret,
926 1246 988 1325 sed
1017 1274 1089 1326 nec
1120 1248 1348 1355 ingratum:

177 1406 226 1480 at,
247 1413 347 1466 cum
367 1382 616 1463 meminerim
637 1406 701 1459 me
721 1407 800 1460 non
821 1377 1035 1457 Historiam
1054 1379 1117 1458 sed
1137 1373 1352 1490 Epistulam

178 1521 356 1610 scribere,
375 1516 535 1597 inhibeo
556 1541 716 1594 manum
732 1549 745 1604 ;
775 1511 860 1614 satis
875 1511 1022 1591 habens
1037 1514 1084 1591 ad
1103 1516 1229 1623 capita
1248 1542 1351 1594 non-

177 1647 287 1726 nulla
307 1646 346 1725 in
365 1671 520 1754 genere,
549 1669 719 1752 quorum
738 1641 945 1750 explicatio
976 1641 1135 1750 ususque
1152 1645 1203 1722 ad
1221 1644 1352 1752 poste-

179 1807 237 1860 ros
258 1777 482 1886 pertinebit,
513 1777 617 1885 quasr
644 1803 692 1855 ex
719 1776 920 1856 intervallo
953 1776 1094 1884 digitos
1125 1777 1353 1859 intendisse:

180 1957 233 1974 ·-·
247 1938 409 1992 mecum
430 1911 562 2016 itaque
584 1935 652 2016 per
669 1905 753 1987 haec
774 1907 924 1987 summa
941 1908 1102 1990 laudum
1123 1910 1355 2021 compendia

182 2049 227 2129 ad
247 2047 371 2158 spatia
390 2047 579 2154 ampliora
598 2044 837 2153 progredere

235 2180 372 2285 Qid
360 2199 490 2286 ltaque
504 2179 609 2285 prius
624 2177 795 2284 potiusve
809 2179 1198 2259 commemorandum
1216 2173 1358 2274 haben,
1405 2173 1415 2186 ’

183 2339 304 2420 quam
325 2309 591 2390 incredibilem
613 2307 751 2387 illam
741 2337 780 2387 ιη
802 2309 890 2388 vitae
909 2309 1026 2388 totius
1043 2310 1153 2390 cursu
1180 2311 1359 2393 constan·

185 2453 280 2531 tiam
319 2451 360 2528 bt
394 2445 726 2554 aequabilitatem?
775 2447 814 2524 Si
844 2447 910 2529 cui
940 2445 1085 2556 uspiam
1117 2445 1272 2528 homini
1310 2448 1360 2529 ad

188 2579 367 2663 amuffim
385 2579 642 2691 praescriptam
662 2578 759 2660 bene
768 2579 921 2659 vivendi
941 2580 1101 2661 rationes
1121 2609 1255 2662 omnes
1273 2578 1361 2661 fue·

190 2716 264 2793 rint
282 2711 516 2818 composttae,
545 2709 627 2789 haec
646 2710 820 2820 profesto
843 2712 907 2791 Illi
925 2739 1003 2821 pra
1022 2716 1168 2794 'caeteris
1186 2715 1362 2798 ⁴deb'etur

190 2850 283 2931 laus.
329 2848 491 2927 Etenim
519 2848 567 2927 de
589 2849 652 2927 die
670 2847 710 2926 in
730 2847 837 2927 diem
859 2848 965 2931 idem
986 2849 1102 2957 usque
1120 2878 1277 2932 morum
1297 2870 1363 2932 te·

191 3010 261 3062 nor
280 2980 481 3089 colorque,
508 2980 614 3060 idem
636 3008 816 3060 curarum
835 2982 874 3061 de
895 2981 1108 3063 studiorum
1128 2986 1236 3079 ordo,
1256 2986 1365 3068 nulla
1443 2997 1448 3004 ”

192 3120 442 3202 consiliorum
460 3118 707 3228 discrepantia
727 3136 791 3197 aut
821 3116 1099 3209 inconstantia3
1139 3118 1202 3199 sed
1231 3122 1366 3202 omnia

194 3260 251 3340 llli
274 3258 464 3339 methodo
482 3279 588 3338 certa
609 3277 717 3336 erant
732 3254 919 3349 ordinata,
948 3254 1193 3336 &adfinem
1213 3275 1366 3339 certum

194 3398 412 3505 defignata:
455 3393 584 3503 itaque
613 3391 675 3471 llli
704 3392 742 3470 in
774 3393 939 3500 negotiis
968 3392 1262 3499 quibuscunque
1290 3390 1367 3472 ob-

197 3530 334 3611 eundis
353 3529 452 3609 mira
471 3528 650 3619 facilitas,
679 3525 817 3607 &fine
845 3525 1018 3607 tumultu
1045 3529 1085 3607 dc
1113 3527 1368 3637 trepidatione

198 3670 348 3750 strenua
366 3665 573 3774 expeditio.

258 3804 526 3915 Superioribus
561 3802 703 3885 faculis
740 3800 906 3909 majores
942 3801 1062 3882 nostri
1078 3853 1081 3862 ·
1098 3799 1369 3913 αξιομιημονευτω

201 3944 395 4055 qualibet,
416 3968 501 4050 quae
519 3968 675 4050 quoque
694 3942 758 4023 die
776 3958 844 4020 aut
862 3939 989 4022 facere
1008 3958 1074 4023 aut
1092 3942 1172 4049 pati
1191 3942 1369 4051 contige·

203 4094 273 4169 rat,
290 4075 332 4155 in
345 4072 682 4153 commentariolos
702 4072 867 4153 breviter
885 4092 1019 4154 notata
1033 4072 1173 4154 referre
1185 4071 1372 4162 solebant.

203 4199 419 4285 Laudabile
438 4199 525 4281 sane
553 4198 797 4281 institutum!
844 4200 950 4308 quod
976 4198 1156 4282 homines
1175 4229 1300 4314 neque
1316 4204 1374 4289 sui

204 4354 331 4440 neque
350 4330 568 4442 reipublicae
586 4332 835 4415 immemores
855 4334 930 4417 effe
950 4334 1047 4415 finit.
1094 4333 1185 4417 Hac
1203 4338 1246 4417 in
1262 4355 1374 4447 parte

206 4466 532 4582 Archiepiscopus
560 4467 686 4553 noster
714 4496 841 4583 neque
860 4468 945 4553 Sibi
968 4495 1094 4581 neque
1118 4470 1205 4553 Suis
1233 4472 1374 4678 despiti

1326 4625 1346 4678 e
