3509 5175
841 385 1034 528 [222⁶.
1106 387 1130 528 ]

400 615 461 695 En
479 614 718 724 epigramma
738 579 939 694 sacerdotis
959 601 1174 695 Christiani
1188 613 1364 695 moribus
1388 613 1428 694 te
1443 612 1571 696 fortu-

400 748 459 827 nis
480 747 652 856 apprime
670 773 887 853 congruum
906 746 914 825 l
945 745 1051 828 haud
1066 746 1201 827 frustra
1215 748 1409 829 admoniti
1421 746 1571 829 humile

290 923 295 932 ·
397 883 570 968 subimus
591 888 765 976 tesiam
795 886 961 965 occurrit
981 886 1085 966 illico
1105 885 1145 964 in
1175 883 1377 994 amplexus
1404 887 1569 966 Patriar·

397 1021 473 1101 cha
492 1019 655 1112 vetulus,
686 1018 838 1126 pietatis
859 1019 1052 1126 primaevae
1071 1018 1224 1129 aspesiu
1243 1023 1282 1098 δι
1301 1017 1454 1129 placida
1473 1047 1567 1128 qua·

396 1153 488 1234 dam
508 1152 704 1232 severitate
722 1148 974 1230 venerabilis:

508 1321 608 1402 Pone
620 1321 780 1428 sequens
802 1316 959 1429 paribus
973 1318 1069 1427 figit
1088 1317 1368 1428 vestigiaeuris,

393 1543 598 1654 repentina
618 1541 682 1622 vix
701 1543 848 1652 patiens
866 1541 1021 1635 laetitiae,
1046 1541 1191 1650 suisque
1206 1569 1304 1649 pene
1320 1541 1565 1650 illacrymans

393 1675 558 1786 gaudiis,
589 1675 722 1755 Mater
737 1675 915 1785 propitia.
958 1674 1067 1780 Qid
1085 1675 1229 1753 interea
1248 1671 1349 1753 mihi
1376 1695 1459 1756 erat
1484 1676 1564 1754 sen·

248 1876 251 1884 ,
393 1810 452 1890 sus
471 1807 574 1888 haud
594 1805 705 1886 facile
725 1808 922 1888 dixerim:
960 1809 1015 1889 ita
1045 1807 1147 1888 mihi
1174 1809 1351 1922 animum
1376 1809 1419 1889 in
1437 1810 1564 1889 divor·

224 1946 229 1956 '
394 1948 478 2029 sum
502 1944 734 2026 distrahebat
760 1944 854 2026 hinc
883 1947 1045 2054 praesaga
1073 1945 1167 2026 mali
1196 1944 1428 2040 sollicitudo,
1462 1947 1565 2026 illinc

390 2080 652 2162 sollicitudinis
673 2081 772 2161 illius
790 2081 1039 2162 dissimulatio
1058 2080 1239 2174 strenua;
1266 2099 1353 2164 tum
1379 2083 1504 2189 pietas
1531 2083 1564 2162 ht

376 2214 649 2298 misericordia
663 2206 691 2307 ς’
706 2217 746 2296 ho
765 2215 916 2325 insuper
935 2216 1125 2324 castigatae
1145 2211 1342 2322 cujusdam
1361 2213 1565 2296 hilaritatis

391 2348 534 2459 species
552 2345 741 2440 affesiata,
772 2346 959 2456 dubiique
988 2350 1065 2428 oris
1096 2346 1171 2426 five
1199 2347 1241 2426 in
1270 2345 1403 2442 risum,
1431 2349 1510 2428 five
1528 2353 1590 2428 in'

390 2487 580 2593 lacrymas
593 2478 715 2559 facilis
736 2479 884 2559 solutio.
914 2480 1075 2572 Verum,
1098 2481 1189 2591 quia
1203 2480 1385 2592 pleraque
1406 2484 1564 2566 meliora

392 2618 458 2728 spe
475 2640 752 2722 compereram,
780 2630 861 2692 erat
883 2610 1058 2721 profesio
1085 2612 1191 2719 quod
1220 2613 1395 2697 dolerem
1424 2621 1561 2703 miuus.

392 2757 482 2836 lino
506 2777 610 2844 veru,
643 2747 831 2857 quicquid
859 2748 916 2827 ibi
943 2766 1024 2827 erat
1053 2746 1343 2855 aegritudinum,
1370 2751 1414 2831 id
1447 2781 1562 2837 omne

256 2900 260 2907 '
394 2892 567 3000 ipsorum
579 2885 772 2997 patientia
776 2884 1013 2992 jamdudum
1027 2882 1210 2992 superasse
1220 2884 1436 2969 videbatur.
1458 2890 1561 2999 Qid

393 3022 557 3105 multis?
598 3020 646 3099 ad
674 3036 829 3126 tempus
853 3017 1117 3099 molestiarum
1145 3017 1277 3099 sedulo
1303 3010 1432 3115 obliti,
1462 3030 1588 3135 quod*

393 3159 582 3264 supererat
598 3149 723 3230 nosiis
741 3149 941 3258 colloquio
958 3147 1062 3231 haud
1083 3149 1227 3233 insuavi
1245 3148 1474 3235 fefellimus.

504 3334 688 3447 Pauperis
707 3336 887 3421 Evandri
906 3336 1027 3418 domus
1045 3336 1187 3447 hospita
1200 3330 1315 3447 fhuit
1333 3338 1492 3427 alumnos

503 3468 669 3577 Hospitio
686 3469 816 3549 modico
827 3503 840 3560 ς
865 3464 942 3577 std
962 3466 1071 3547 vultu
1088 3468 1170 3572 rfit
1188 3470 1326 3577 honesto

505 3597 698 3706 Splendida
716 3600 926 3709 pauperies,
954 3622 1019 3679 nec
1037 3596 1162 3708 opimis
1181 3594 1312 3683 inuida
1331 3604 1453 3687 rebus.

395 3857 403 3877 x
448 3820 532 3909 Hic
551 3837 655 3900 certe
672 3819 770 3901 illud
788 3822 919 3902 videor
938 3817 1301 3939 mihi‘experiundo
1323 3825 1557 3921 intellexisse,

395 3962 500 4074 quod
520 3955 764 4070 praesentibus
781 3955 955 4039 hilariter
975 3956 1046 4052 uti,
1068 3986 1192 4070 neque
1211 3961 1321 4071 plura
1342 3963 1555 4059 desiderare,
1584 4062 1585 4075 Ν

394 4102 439 4181 fit
460 4095 683 4177 divitiarum
702 4092 818 4174 instar
835 4094 1031 4175 omnium.

447 4225 597 4305 Verum
625 4225 745 4305 etiam
771 4223 889 4307 subiit
917 4224 1122 4335 aliquando
1150 4227 1190 4307 δε
1223 4229 1336 4313 altius
1367 4231 1495 4343 sapere
1523 4233 1556 4313 u

305 4456 309 4465 ,
392 4358 666 4482 philosophari.
713 4362 777 4445 En
807 4362 903 4445 adeo
931 4361 1005 4445 tibi
1024 4361 1361 4473 septuagenarium
1384 4367 1491 4453 hune
1508 4368 1557 4449 se·

405 4532 408 4536 ’
1414 4500 1553 4585 'nerui
