3509 5175
842 441 869 590 [
940 477 1020 583 ⁷2·
1068 445 1101 588 ']

378 674 620 790 Responsura
633 672 741 786 lyra,
769 701 856 786 qun
873 701 940 758 me
958 671 1058 759 mihi
1076 675 1242 791 surripit,
1270 703 1433 766 omnem

382 849 557 930 Auribus
570 843 761 929 instillans
780 847 954 930 animam
975 847 1025 932 ad
1043 845 1212 930 coelestia
1230 869 1369 962 raptat,
1435 899 1441 908 ·

380 1019 682 1128 immistumque
698 1014 842 1100 Chorir
859 1003 1076 1129 Superum}
1095 1038 1344 1104 contemnere
1364 1040 1485 1106 terme

382 1185 547 1285 Educet,
575 1187 842 1298 Angelicnque
861 1189 1043 1272 sonorum
1064 1182 1207 1273 vescier
1229 1215 1336 1274 nura.
1500 1203 1552 1269 435

438 1365 597 1448 Sursum
613 1362 744 1446 oculos
764 1382 804 1445 et
821 1367 953 1463 corda,
971 1357 1061 1449 Viri
1070 1404 1085 1461 ς
1113 1387 1219 1448 nunc
1233 1365 1373 1451 Rostro
1385 1363 1540 1450 disertus
1578 1343 1579 1412 i

383 1536 563 1644 Occupat
582 1535 767 1646 interpres
783 1535 921 1616 divinae
939 1537 1096 1629 mentis,
1125 1537 1173 1616 ab
1194 1535 1273 1618 alto

384 1699 458 1784 Nil
478 1703 642 1784 mortale
661 1702 810 1799 mneos,
839 1729 957 1815 opera
977 1701 1209 1787 vehemente
1227 1657 1427 1786 ministcrr

385 1873 488 1967 Sive,
513 1872 609 1954 masi
627 1873 754 1984 primu
771 1891 948 1983 repetens
966 1875 1015 1954 ab
1034 1875 1183 1984 origine
1198 1874 1346 1967 iubem,

385 2022 568 2130 Humani
587 2047 737 2158 generis
751 2045 900 2130 sortem
922 2047 1120 2131 miseratur
1139 2048 1343 2131 acerbamr
1505 2055 1556 2126 440

383 2213 468 2296 Sive
488 2212 810 2321 Redempturem,
829 2209 1000 2294 tenebris
1016 2239 1091 2294 ceu
1109 2213 1243 2294 lumen
1259 2209 1460 2320 obortum,

383 2380 544 2463 Celitus
563 2379 764 2460 ostendens
778 2378 980 2488 nigrantes
1000 2375 1157 2460 discutit
1174 2375 1356 2459 umbrare

210 2571 216 2595 ¹
386 2555 664 2664 Infensumque
684 2581 787 2635 novo
804 2552 1005 2663 placatum
1024 2549 1170 2637 foedere
1189 2573 1337 2637 numen

386 2731 576 2826 Exhibet,
606 2749 721 2838 atque
734 2724 947 2812 hominem
965 2726 1047 2811 fato
1067 2728 1227 2813 meliore
1247 2742 1452 2811 renatum:

386 2912 463 2993 Seu
481 2907 671 3021 descripta
689 2924 801 2990 notat
818 2905 943 2987 civilis
962 2905 1099 2987 munia
1118 2904 1219 2999 vitre,
1506 2912 1556 2977 445

387 3079 444 3163 Et
464 3078 601 3164 dubius
620 3075 708 3158 lites
726 3038 942 3186 componit·
970 3090 1010 3155 et
1030 3070 1173 3154 arbiter
1191 3072 1293 3181 aequi
1311 3075 1313 3083 '

382 3244 497 3353 Qid
514 3243 572 3325 sas
591 3240 849 3354 atquenefar,
876 3240 973 3352 quid
993 3259 1122 3351 mrpe,
1140 3238 1235 3351 quid
1256 3234 1352 3320 utile
1372 3232 1558 3322 monstrat,

362 3443 368 3454 “
388 3414 618 3499 Flexanima
637 3414 810 3527 stupidos
827 3410 1021 3497 obtestans
1039 3436 1133 3494 voce
1150 3408 1352 3491 colonos:

390 3588 538 3671 Discite
558 3588 753 3699 justitiam
773 3583 946 3671 moniti:
984 3586 1176 3697 trepidate
1194 3585 1353 3682 scelesti,
1578 3590 1579 3611 ¹

390 3746 575 3831 Exultate
593 3742 682 3841 Pii3
708 3743 845 3826 diversi
858 3742 945 3826 suta
963 3742 1117 3836 coloris,

390 3910 446 3991 Et
464 3904 620 3989 lethum
637 3905 835 4016 vitemque
853 3930 1001 4015 gerens,
1031 3899 1232 3987 affectibus
1245 3900 1319 3985 'ille

388 4072 607 4182 Imperitat,
637 4096 717 4151 non
734 4096 833 4151 vaur
850 4067 1009 4161 docent,
1038 4066 1081 4149 in
1092 4087 1313 4182 utrumque
1330 4081 1490 4181 paratur

393 4231 552 4311 Arbiter
571 4228 732 4336 eloquii,
758 4225 1031 4337 seder-eperire
1048 4224 1180 4310 bertae
