3509 5175
814 451 1103 592 [178]

437 683 524 787 Age
547 706 652 771 vero,
682 679 908 788 recognosce
931 680 1016 788 jam
1049 705 1206 791 mecum
1240 678 1367 774 illam,
1398 706 1480 790 quae
1510 680 1546 761 in

382 815 578 893 academia
609 809 921 921 Cantabrigierfi,
959 811 1112 892 duobus
1142 811 1286 892 abhinc
1313 813 1472 905 faculis,
1506 816 1546 892 de

381 948 520 1054 linguae
539 946 683 1025 Graecae
708 946 1025 1053 pronuntiatione
1051 945 1218 1025 excitata
1239 944 1328 1039 fuit,
1358 946 1385 999 l*
1401 966 1545 1024 contro-

380 1080 537 1159 verfiam
558 1080 867 1183 memorabilem.
881 1122 936 1138 —
950 1080 1082 1186 Rogas
1106 1083 1291 1189 quorsum
1310 1082 1453 1187 spectat
1474 1079 1547 1158 hu-

377 1213 481 1323 jusce
503 1212 557 1289 rei
576 1208 642 1289 hic
663 1240 684 1287 a
704 1240 767 1290 me
786 1212 927 1317 injesla
947 1212 1123 1291 mentio?
1165 1232 1208 1293 ut
1233 1242 1375 1322 nempe
1406 1215 1546 1293 intelli·

381 1372 447 1452 gas
468 1343 566 1422 nihil
586 1344 681 1421 adeo
697 1344 900 1421 absurdum
916 1346 955 1423 de
971 1348 1227 1453 incongruum
1243 1347 1457 1453 excogitari
1472 1346 1548 1455 pos-

380 1481 429 1574 se,
460 1481 566 1591 quod
587 1481 788 1559 sciolorum
809 1482 1022 1587 arrogantia
1042 1484 1248 1576 venditare,
1263 1530 1318 1547 -
1332 1503 1399 1561 aut
1427 1486 1546 1590 impe·

381 1624 543 1702 sitorum
572 1618 782 1697 hominum
813 1619 971 1727 decepta
1000 1622 1203 1699 credulitas
1236 1622 1402 1729 arrlpere
1420 1638 1548 1696 -aut

381 1751 657 1861 imperantium
679 1750 862 1829 autoritas
883 1750 1087 1859 precipere
1102 1798 1158 1813 -
1173 1770 1238 1831 aut
1259 1752 1430 1859 denique
1448 1752 1547 1828 inve-

382 1905 506 1966 terata
524 1885 762 1964 consuetudo
781 1883 1011 1964 confirmare
1031 1914 1109 1964 non
1130 1888 1314 1995 potuerit.
1359 1886 1548 1993 Utrinque

382 2024 663 2131 disputantium
684 2022 780 2101 mira
799 2042 879 2103 erat
898 2022 1167 2103 vehementia:
1211 2026 1328 2103 errori
1347 2021 1548 2102 foediffimo

383 2188 460 2238 non
481 2177 663 2264 patronus
683 2157 820 2250 defuit,
841 2159 903 2237 sed
925 2186 995 2237 nec
1016 2178 1270 2266 oppugnator.
1311 2156 1464 2237 Verum
1487 2159 1547 2235 ali·

382 2292 541 2400 quando
561 2292 717 2370 tandem
738 2292 985 2369 autoritatem
1001 2292 1094 2369 vicit
1110 2292 1217 2383 ratio,
1236 2292 1547 2370 consuetudinem

384 2428 618 2535 antiquitas:
659 2426 698 2504 bc
726 2425 774 2501 de
803 2424 1032 2502 Cancellarii
1059 2427 1271 2533 pervicacia
1299 2424 1547 2534 triumphavit

385 2564 621 2644 Praeleeioris
663 2562 890 2641 Academici
920 2560 1112 2656 facundia,
1155 2561 1367 2671 veterisque
1399 2562 1548 2644 Graeciae

383 2704 559 2809 linguam
588 2701 764 2779 servitute
794 2700 963 2807 quadam
995 2727 1092 2779 nova
1114 2701 1330 2809 oppressam
1351 2701 1548 2808 aliquando

385 2841 572 2919 liberavit·
616 2839 886 2943 Qamobrem
916 2841 954 2918 do
984 2840 1107 2931 nobis,
1137 2841 1193 2917 uti
1213 2838 1334 2948 sper0,
1364 2842 1477 2918 venia
1498 2839 1547 2918 sa-

352 2959 357 2964 ’
384 2973 494 3051 cilior
510 2971 754 3062 concedatur,
781 2971 821 3061 fi,
842 2971 937 3048 dum
956 2973 1001 3050 ad
1024 2973 1077 3050 rei
1098 2975 1296 3052 veritatem
1318 2974 1478 3081 propius
1497 3000 1548 3050 ac-

385 3107 521 3186 cedere
542 3103 753 3195 studemus,
784 3133 805 3182 a
835 3099 1111 3184 consuetudine
1142 3107 1291 3215 vulgari
1320 3109 1475 3217 penitus
1498 3136 1547 3186 re·

386 3240 604 3319 cesserimus
617 3273 629 3328 3
659 3237 855 3345 causaque
885 3265 964 3338 non
994 3236 1176 3319 absimilis
1198 3239 1410 3320 defensioni
1430 3241 1548 3320 similis

388 3371 596 3480 aliquando
616 3371 743 3450 exitus
763 3369 1012 3477 respondebit.
1055 3371 1100 3447 In
1126 3367 1355 3480 disputando
1376 3398 1455 3449 non
1475 3371 1546 3478 opi·

389 3511 517 3590 nionis
534 3510 784 3618 praejudicatae
798 3509 976 3616 gratiam,
991 3507 1051 3586 sed
1069 3509 1224 3587 rationis
1239 3529 1442 3587 momenta
1456 3539 1547 3618 qua·

390 3650 536 3739 rinrus3
564 3649 604 3724 de
623 3649 663 3724 in
684 3675 723 3725 re
742 3644 1006 3754 philosophica
1024 3655 1118 3724 cur'n
1137 3646 1271 3754 paucis
1298 3647 1400 3724 recle
1420 3645 1546 3754 sapere,

378 3810 512 3892 ‹quam
530 3808 621 3860 cum
636 3783 753 3890 vulgo
767 3782 930 3866 fidenter
944 3809 1066 3862 errare
1082 3782 1290 3861 malumus.
1322 3782 1432 3886 Qid
1448 3781 1547 3890 ergo?

391 3921 542 4032 quidsi
573 3921 788 4002 desinamus
818 3922 1026 4032 aliquando
1056 3947 1224 4003 errorem
1254 3922 1429 4029 agnitum
1449 3921 1547 4012 tueri,

392 4087 464 4139 nec
484 4086 700 4151 vereamur,
729 4060 834 4166 quod
851 4063 1003 4139 redium
1020 4058 1216 4162 sentimus,
1245 4058 1285 4138 id
1314 4059 1441 4168 ipsum
1464 4085 1546 4139 con·

392 4193 533 4272 stanter
558 4191 796 4273 defendere?
823 4191 1003 4287 Proinde,
1032 4179 1328 4301 ψώῶηοσῳᾶἱων
1349 4189 1475 4285 istam,
1502 4192 1545 4282 br,

435 4469 454 4504 ³*
475 4467 552 4527 Vide
566 4465 690 4548 Stephani
704 4467 884 4548 Wintonienfis
897 4471 924 4530 tr
936 4467 1004 4554 Joh3
1017 4467 1101 4533 cheli
1114 4468 1226 4530 Cantab.
1242 4465 1278 4531 de
1292 4465 1346 4528 hac
1360 4487 1391 4528 re
1405 4462 1532 4547 epistolas.

1449 4615 1542 4703 quot,
