3509 5175
640 383 669 528 l
738 394 837 519 1⁸9
909 387 934 529 l

175 570 275 697 'me
296 630 443 700 recreat
461 612 824 725 usque&deledat,
851 640 972 727 quam
991 617 1109 703 eram
1128 616 1201 702 ru
1218 644 1298 705 non
1316 580 1380 704 rn-

188 754 347 836 utilem
366 780 439 836 nec
457 747 650 864 ingratam
666 752 750 835 sore
769 753 939 839 confido.
1128 766 1133 775 '

259 894 370 975 Illud
388 908 490 975 certe
507 895 548 975 tr
565 920 722 1006 aequum
738 896 781 977 be
797 923 822 978 a
838 896 981 1006 pietate
1007 893 1135 976 nostra
1158 891 1263 978 haud
1287 893 1381 975 alie·

186 1056 306 1114 num
323 1030 533 1140 judicabis,
562 1052 620 1127 ut,
649 1059 748 1143 quos
768 1050 815 1119 tu
834 1035 875 1113 in
893 1031 972 1115 vita
989 1058 1174 1142 cognoras
1194 1030 1379 1141 optimos,

185 1168 342 1253 iisdem
366 1170 579 1253 testimonii
606 1172 726 1254 nostri
753 1172 1042 1259 commendatio
1071 1169 1281 1261 accederet,
1320 1181 1378 1257 ut,

187 1303 347 1411 quibus
364 1304 553 1385 virtutum
577 1305 736 1412 praemia
762 1305 973 1413 malignior
998 1300 1182 1399 inviderat
1209 1299 1380 1392 fortuna,

189 1445 333 1525 iidem
350 1443 482 1524 debito
499 1444 767 1526 laudationum
784 1444 999 1525 nostrarum
1019 1442 1150 1523 officio
1167 1468 1247 1523 non
1263 1435 1381 1521 desti·
1453 1448 1457 1473 ²

190 1596 419 1659 tuerentur.
459 1577 615 1659 Licebit
635 1561 769 1660 saltem
788 1574 971 1659 homines'
989 1578 1038 1657 de
1058 1572 1256 1685 republica
1277 1572 1381 1657 benc

192 1716 367 1797 meritos
384 1712 531 1798 honore
550 1703 734 1825 tanquam
752 1714 931 1823 supremo
950 1712 1127 1824 prosequi
1146 1741 1157 1793 :

320 1883 398 1965 Hir
408 1883 545 1992 saltem
563 1884 780 1969 accumulem
799 1880 896 1967 donis
916 1884 959 1965 &
972 1882 1124 1992 fungar
1142 1878 1252 1963 inani

322 2016 491 2099 Munere,
511 2061 622 2078 --
1082 2018 1087 2029 ’

263 2202 467 2285 Postremo
494 2207 523 2286 fi
551 2206 647 2316 quid
666 2206 765 2289 forte
785 2210 833 2289 de
853 2210 1070 2319 Armigeris
1094 2204 1245 2287 rusticis
1272 2201 1381 2311 aspe-

197 2340 286 2419 rius
306 2338 455 2419 dietum
473 2341 661 2433 videatur,
687 2340 745 2423 ita
762 2345 804 2422 id
823 2345 989 2454 intelligi
1007 2344 1142 2438 velim,
1170 2357 1216 2420 ut
1241 2361 1322 2417 non
1340 2333 1383 2413 in

200 2469 431 2551 universum
469 2474 624 2554 censura
662 2474 709 2553 ad
744 2473 971 2590 Sufflxt'enses
1008 2502 1146 2559 omnes
1182 2470 1378 2582 pertineat

202 2602 352 2710 (sentio
371 2604 477 2684 enim
498 2607 539 2686 in
558 2606 712 2714 regione
725 2607 792 2686 illa
804 2608 924 2690 sicubi
940 2609 1084 2720 uspiam
1100 2602 1382 2716 elegantiarum

200 2739 247 2815 bc
269 2737 511 2819 liberalitatis
529 2741 708 2850 exempla
726 2743 906 2850 reperiri)
934 2745 997 2824 sed
1012 2744 1063 2824 ad
1079 2759 1235 2822 certum
1254 2761 1385 2848 quen·

204 2872 305 2950 dam
323 2869 532 2951 hominum
551 2872 757 2980 agrestium
770 2902 943 2986 gregem,
961 2855 1192 2986 quibuscum
1208 2898 1275 2952 me
1287 2895 1388 2980 pra·

204 3007 326 3113 cipue
354 3007 490 3090 versari
520 2989 755 3114 contigerit}
793 3009 1017 3106 hominum,
1057 3012 1125 3119 qui
1152 3033 1246 3089 cum
1273 3006 1389 3115 supra

205 3139 365 3247 vulgus,
403 3165 575 3246 quocum
605 3140 718 3219 unice
741 3168 826 3222 rem
848 3141 1007 3246 habent,
1036 3141 1139 3222 haud
1167 3141 1252 3248 plus
1277 3137 1386 3247 sape·
1450 3163 1454 3168 ·
1505 3231 1507 3234 ,

209 3291 319 3364 rent,
361 3273 504 3380 quippe
533 3272 733 3354 literarum
757 3274 1034 3358 humaniorum
1054 3273 1286 3386 plerumque
1319 3297 1387 3352 ru·

208 3410 294 3501 des,
324 3407 577 3488 nihilominus
595 3435 737 3517 magna
754 3409 824 3492 fibi
842 3429 1034 3520 arrogant,
1062 3412 1103 3492 dc
1122 3410 1224 3520 inter
1242 3405 1384 3488 Armi·

208 3569 325 3652 geros
344 3541 490 3622 scilicet
507 3543 543 3620 se
567 3543 808 3625 adnumerari
832 3546 1039 3654 postulant.
1081 3543 1212 3625 Facile
1231 3542 1387 3626 veniam

209 3675 322 3755 dabis
350 3673 378 3754 fi
407 3669 630 3780 hujusmodi
660 3674 871 3758 hominum
899 3676 1162 3760 humilitatem
1190 3677 1230 3756 bc
1254 3676 1388 3786 super·

210 3810 323 3888 biam
350 3807 556 3888 ridiculam
583 3807 695 3917 plane,
722 3810 765 3890 dc
792 3810 1024 3892 abnormem
1050 3811 1125 3893 risu
1151 3810 1387 3918 exceperim.

211 3952 313 4032 Hac
338 3948 522 4030 orationis
548 3949 845 4057 praemunienda
865 3952 977 4033 causi
1002 3951 1184 4062 praefatus
1209 3950 1389 4032 lubenter
1416 3941 1421 3952 ⁸

212 4090 252 4166 te
277 4087 321 4164 in
349 4103 476 4194 partes
505 4107 610 4164 meaa
639 4111 737 4169 voco
765 4085 911 4170 itineris
942 4086 1100 4196 hujusce
1119 4078 1385 4172 comitem&

214 4215 424 4301 fautorem.
