3509 5175
665 386 958 590 [eso]
1066 345 1070 356 Ι

301 1589 402 1673 EN
408 1583 483 1673 TI
492 1595 529 1675 0
555 1592 627 1677 hac
656 1596 695 1678 in
721 1610 839 1704 porte
858 1581 1175 1707 praemuniendam
1202 1595 1265 1706 effe
1297 1596 1389 1678 mihi

322 1729 530 1824 orationem,
564 1761 671 1841 quarn
691 1732 776 1840 jaru
808 1737 890 1818 olim
911 1755 1053 1848 prater
1069 1736 1268 1852 scribentis
1280 1715 1400 1846 spem
1445 1803 1449 1814 ,

213 1885 328 1975 atque
343 1863 519 1970 confilium
535 1863 577 1947 in
596 1865 816 1977 quorundam
834 1871 1033 1978 oſjeffiones
1062 1870 1251 1980 incurrcffl
1277 1867 1385 1951 vide·
1431 1891 1432 1898 ’

215 2029 317 2082 rane.
367 1982 490 2076 Sentio
509 2025 617 2106 quam
636 1997 776 2106 dffcile
786 1998 844 2102 fit
862 1999 1082 2110 Criticorueu
1102 1991 1281 2082 hominurn
1295 2003 1386 2109 jos-

217 2125 325 2210 tidiis
340 2127 565 2234 satiffacere
576 2161 590 2217 3
633 2124 733 2208 imno
761 2125 805 2205 &
830 2145 917 2238 pra
943 2130 1048 2211 nimio
1073 2128 1249 2239 placendi
1267 2123 1387 2234 studeo

215 2289 292 2342 non
313 2259 506 2369 displicere.
551 2260 649 2341 Utut
676 2255 765 2338 vero
783 2259 861 2338 haec
873 2258 1042 2366 suerint,
1066 2277 1136 2370 pro
1163 2278 1263 2342 certo
1281 2259 1387 2368 scias

215 2395 320 2478 nibil
341 2413 414 2504 pro
444 2394 569 2475 animi'
589 2394 832 2503 malignitate,
873 2415 944 2478 aut
972 2395 1245 2478 obtrectationis
1263 2395 1387 2507 studio

216 2527 355 2610 dolum
384 2523 554 2635 excidssi‚
588 2555 719 2607 verum
735 2524 908 2635 stngula‚
942 2555 1020 2639 qua
1050 2527 1186 2639 quidem
1217 2557 1288 2610 non
1304 2525 1388 2637 stne

214 2660 299 2768 rista
313 2658 485 2740 miranda
504 2642 757 2751 occurrebant,
784 2659 833 2740 ab
851 2657 986 2767 hospite
1010 2656 1094 2738 rudi
1114 2659 1233 2742 adhuc
1249 2654 1292 2741 ΕΒ
1313 2660 1385 2739 ele-
1462 2640 1490 2665 ¹¹

210 2792 433 2901 gantiorum
463 2788 781 2871 Bathoniensium
812 2789 990 2897 imperito,
1017 2823 1114 2870 men
1131 2825 1166 2869 ro
1184 2803 1384 2897 annuerat,
1411 2870 1413 2875 .

209 2946 288 3037 pro
306 2953 345 3005 eo
360 2920 421 3030 qui
438 2940 516 3004 tum
530 2940 613 3002 erat
627 2951 751 3003 rerum
761 2919 870 3003 colore
883 2920 1063 3034 descripta
1076 2920 1249 3005 exbiberi.
1280 2922 1387 3006 Vides

216 3060 307 3143 adeo
325 3059 431 3141 rebus
449 3057 492 3140 de
509 3056 647 3139 levibus
658 3057 892 3168 prodofianem
910 3061 1025 3141 levem
1044 3077 1263 3169 tenuemque,
1287 3057 1392 3141 haud

199 3201 304 3311 stane
322 3194 497 3275 Petronii
520 3193 699 3304 ciuccstlaen
719 3195 923 3303 Satyricon,
948 3194 1023 3303 sed
1049 3223 1161 3304 neque
1177 3196 1298 3301 stalera
1315 3212 1384 3275 aut
1442 3211 1444 3221 '

199 3327 298 3438 styli
319 3323 532 3432 elegantiam
543 3360 556 3416 ς
583 3318 807 3431 defiderotur
821 3344 921 3405 certe
938 3326 1002 3405 illa
1019 3323 1159 3433 ingenii
1167 3323 1390 3405 Petroniaui
1406 3335 1410 3350 '

218 3456 352 3541 uiuida
369 3457 430 3538 vis
447 3456 492 3537 ὅ
510 3456 674 3551 ubertas,
702 3486 780 3565 qua
797 3432 843 3539 in⁸
853 3460 1002 3540 locorum
1020 3485 1211 3569 rerumque
1228 3454 1385 3569 descrip-

218 3586 335 3670 tiones
363 3586 572 3694 liberiusse
596 3586 777 3697 estundins
793 3586 958 3694 frigida
989 3614 1171 3693 nugarum
1201 3589 1386 3695 historiola

219 3724 481 3807 condimentum
498 3723 668 3831 quoddam
688 3726 732 3805 ὃ
746 3727 906 3835 leporum
918 3725 1085 3835 gratiam
1103 3722 1260 3833 efflaret.
1288 3725 1391 3829 Quid

221 3862 265 3943 ui
290 3879 413 3943 cutem
439 3861 478 3942 in
498 3859 613 3941 tontd
635 3861 856 3971 ineptiarum
879 3860 1089 3943 celebritate
1101 3861 1288 3970 scribenti
1312 3859 1383 3941 iti-

219 3993 298 4081 dem
313 3994 423 4075 liccat
440 3993 583 4103 impune
607 3990 780 4103 ineptire,
808 3994 959 4076 innocuo
977 3993 1173 4077 verborum
1187 3994 1267 4102 lusto
1285 4018 1384 4098 gau·

217 4123 316 4215 dere,
343 4141 455 4233 atque
471 4123 630 4203 animum
642 4122 796 4233 pillum
815 4126 964 4233 pascere
987 4124 1094 4206 inani
1105 4124 1126 4204 l
1182 4126 1385 4207 Proludere

218 4253 334 4349 volui,
362 4252 716 4370 conphilosophum,
743 4254 788 4333 δέ
817 4256 956 4365 quidem
984 4257 1123 4343 mallem
1150 4280 1228 4337 cum
1255 4254 1383 4339 riden-

739 4384 879 4470 Kkz
1289 4383 1387 4470 tibus
