3509 5175
441 544 535 580 „
647 427 844 569 [ars
918 431 951 571 ]·

205 649 328 738 Heus
346 652 451 738 itane
469 668 509 736 te
526 649 655 736 habeo
675 655 928 738 confitentem
960 681 1081 748 ream,
1109 654 1150 736 in'
1182 655 1264 767 ipso
1281 645 1392 757 furto

206 766 419 877 bellissimo
436 764 709 876 deprehensam
724 768 741 845 i
754 815 810 848 -,-
826 768 884 847 At
903 789 959 859 tu,
980 767 1131 862 Flacce,
1151 769 1288 850 srccioe
1301 791 1390 852 tana

205 901 304 982 dem
334 899 419 980 vifis
450 899 655 982 Britannos
687 900 903 1011 hospitibus
928 899 1028 980 seros
1045 899 1195 982 i-Et
1225 906 1391 1012 quidem

206 1032 413 1114 faemineas
441 1035 543 1114 inter
572 1033 787 1116 Cathedras
815 1035 951 1115 versari
980 1033 1123 1143 gaudes
1141 1035 1155 1111 Β
1170 1039 1295 1114 -At
1323 1035 1391 1117 ille

209 1168 339 1261 vultu,
367 1195 446 1279 quo
469 1167 576 1262 solet,
615 1170 764 1250 urbano
790 1169 989 1249 subridens
1009 1171 1147 1249 -En
1175 1197 1264 1250 vero
1291 1170 1391 1253 illud

209 1303 322 1411 quod
343 1303 429 1408 jam
448 1303 543 1382 olim
563 1304 735 1411 praedixi,
763 1329 843 1382 non
861 1299 994 1383 usitati
1012 1300 1113 1384 feror
1141 1302 1266 1410 penna
1285 1321 1390 1393 vates

209 1433 392 1515 biformis
411 1465 421 1514 ε
464 1435 695 1546 longinquas
714 1460 857 1545 nempe
875 1433 1049 1541 regiones
1080 1436 1277 1544 peragravi
1296 1434 1388 1514 hos-

209 1598 281 1681 pes
299 1598 379 1651 non
398 1571 579 1680 ignotus3
607 1573 660 1666 δι,
691 1598 741 1654 ex
762 1598 841 1680 quo
858 1571 900 1652 in
929 1571 1101 1652 Galliam
1120 1573 1261 1690 transri,
1292 1571 1392 1654 illud

210 1728 317 1792 certe
335 1708 465 1791 effecit
482 1711 609 1818 gentis
641 1709 915 1820 loquaciffimae
942 1709 1105 1791 officiosa
1129 1709 1320 1803 sedulitas,
1350 1711 1391 1794 dc

209 1841 353 1952 opella,
388 1861 432 1922 ut
459 1842 502 1921 in
531 1843 710 1922 omnium
737 1842 816 1946 fere
843 1869 911 1921 ora
944 1843 1158 1958 manusque
1191 1843 1390 1954 aliquanto

209 1981 340 2065 notior
358 1982 542 2062 venirem.
583 1980 674 2084 Jam
697 2007 787 2078 vero
805 1979 944 2088 quidni
964 1981 1052 2086 Ego
1070 1978 1245 2060 saeminas
1267 1982 1392 2062 ridere

210 2113 252 2194 dc
270 2110 531 2222 philosophari
548 2110 723 2203 doceam,
754 2138 803 2218 ex
829 2137 909 2218 quo
936 2111 1152 2220 inceperint
1173 2113 1243 2194 viti
1261 2113 1392 2201 sedulo
1519 2183 1523 2190 .

210 2243 382 2352 defipere
398 2242 413 2321 i
427 2285 539 2304 -·-
552 2241 607 2320 At
626 2243 746 2336 enim,
775 2242 834 2320 mi
853 2241 1004 2333 Flacce,
1033 2267 1164 2322 vereor
1186 2269 1236 2322 ne
1262 2244 1391 2326 multa

210 2382 331 2462 nimis
362 2380 538 2485 docendo
568 2406 705 2459 uxores
734 2376 847 2459 nobis
865 2377 1016 2487 prorsus
1043 2406 1281 2488 corrumpas,
1303 2381 1393 2490 jam

210 2545 283 2629 per
303 2517 340 2599 se
359 2512 510 2597 abunde
529 2514 728 2626 sapientes,
755 2512 996 2595 &facundas
1015 2559 1070 2578 -
1088 2541 1139 2595 ne
1161 2517 1216 2597 rei
1234 2516 1390 2599 domes·

210 2649 301 2731 ticae
319 2677 410 2729 cura
428 2647 661 2755 negligatur,
682 2648 721 2725 δε
738 2647 780 2725 in
793 2665 1068 2755 contemptum
1085 2647 1192 2729 illico
1206 2650 1393 2759 abeamus

209 2780 410 2881 literarum
426 2780 537 2859 rudes
553 2781 592 2858 ἃ
606 2778 753 2858 indosli
770 2778 968 2884 conjuges.
998 2780 1054 2859 At
1073 2797 1116 2858 tu
1136 2778 1266 2875 istum,
1287 2781 1392 2863 bone

211 2915 285 3009 vir,
316 2914 470 2995 dimitte
487 2932 656 3004 metum,
685 2909 891 3018 srquidem,
921 2909 1043 3019 qualis
1072 2907 1155 2993 haec
1174 2894 1302 2994 nostra
1321 2914 1390 3011 est,

211 3048 417 3155 contigerit
438 3042 650 3153 Discipulo.
707 3043 877 3150 Qaalem
906 3068 997 3123 vero
1024 3040 1137 3123 istam
1165 3042 1266 3125 mihi
1288 3072 1391 3155 pra·

210 3184 318 3271 dicas
332 3183 347 3263 i
362 3183 628 3289 -Singulate
649 3181 797 3289 prorsus
826 3180 1056 3287 exemplum
1074 3214 1130 3246 -·
1147 3214 1173 3257 ω
1202 3212 1257 3272 της
1284 3193 1390 3285 φιλο.

210 3316 358 3425 μθωις
375 3321 457 3422 ἅμα
474 3351 534 3414 aar
551 3314 806 3423 usurpamus!
849 3318 914 3399 En
934 3314 1000 3395 illa
1017 3314 1147 3396 dulces
1166 3315 1277 3397 docta
1295 3344 1389 3398 mo.

212 3453 286 3531 dos
307 3446 521 3531 &citharae
550 3444 700 3538 sciens3
742 3464 781 3525 at
801 3445 936 3526 eadem
956 3470 1115 3527 mecum
1135 3445 1229 3555 quid
1247 3474 1388 3540 verum
1504 3500 1507 3506 .

213 3602 333 3691 atque
351 3581 490 3657 decens
511 3578 674 3684 rogat&
695 3595 828 3668 curat:
860 3575 986 3657 amica
1010 3574 1141 3673 mulis,
1161 3574 1286 3681 nihilo
1305 3580 1392 3691 seg-

213 3716 303 3795 nius
323 3713 432 3791 bonae
451 3708 771 3791 matris-familias
799 3708 884 3789 obit
910 3707 1057 3800 munia,
1085 3708 1284 3821 utriusque
1302 3711 1389 3791 Mi·

213 3873 339 3931 nervae
376 3860 476 3925 artes
512 3837 671 3921 feliciter
707 3866 902 3931 exercens,
942 3837 1056 3917 doc'ta
1086 3839 1276 3921 sermones
1308 3867 1391 3922 non

215 3979 331 4061 unius
363 3975 516 4080 linguae,
557 3974 699 4054 nullius
729 3974 800 4053 fibi
831 3972 989 4051 laudem
1022 3989 1204 4080 arrogat:
1250 3968 1411 4056 decora
1518 4042 1521 4049 .

218 4110 396 4221 quadam
417 4109 592 4217 invigilat
604 4108 765 4203 labellis,
778 4107 925 4215 eloquii
936 4106 1053 4187 fraena
1064 4108 1279 4202 moderans,
1293 4110 1390 4192 taci-

216 4246 391 4337 turnitas.
418 4246 499 4351 ⁸'En
530 4244 636 4353 quod
665 4246 706 4327 in
736 4224 917 4367 faemina,
960 4242 1000 4323 sc
1032 4240 1194 4353 quidem
1220 4243 1392 4340 liberali,

830 4375 881 4457 M
904 4400 948 4467 m
1222 4375 1394 4469 maxime
