3509 5175
648 415 918 560 [rsl‘

201 641 281 754 Qa
297 638 406 736 licet,
433 639 654 725 immunem
671 641 821 754 culpa:
861 643 912 726 lic
930 643 1009 726 itur
1026 645 1074 728 ad
1092 644 1201 729 astra.

247 821 352 902 Ecce
370 811 764 922 Catechiste'sshumili
778 819 954 906 sermone
974 820 1124 902 tenellis
1306 837 1367 902 ςο0

204 989 257 1071 Oe
275 987 440 1070 balbum
457 983 603 1090 format
613 988 746 1098 pueris
769 990 1006 1099 animosque,
1035 989 1228 1100 docetque

203 1159 252 1240 Et
269 1159 397 1267 sapere
418 1176 458 1238 et
473 1154 559 1240 fari.
608 1155 725 1238 Sacro
743 1156 791 1239 de
809 1158 944 1242 codice
965 1159 1114 1268 sumpta

204 1325 395 1452 Dogmata
411 1351 644 1436 proponens,
672 1328 871 1438 digitoque
891 1345 1050 1408 notante
1068 1323 1244 1437 sequaces

205 1499 373 1583 Attrahit
390 1501 591 1585 inculcans
609 1503 744 1586 oculos
755 1538 769 1596 3
798 1502 870 1588 stat
888 1505 1044 1614 parvula
1062 1503 1185 1613 pubes
1245 1547 1248 1558 ,

206 1671 415 1782 Expectans
432 1671 619 1767 monitus,
647 1671 866 1783 pendetque
884 1671 1055 1754 docentis
1073 1671 1122 1750 ab
1140 1669 1236 1764 ore,
1310 1691 1367 1754 505

206 1838 431 1950 Praescriptas
449 1839 589 1922 iterans
608 1865 720 1921 voces
739 1860 778 1920 et
796 1868 874 1922 non
898 1841 962 1922 sua
980 1839 1118 1920 verba:

208 2006 339 2088 Dulces
358 2007 501 2090 blanda
517 2007 628 2090 sonos
645 2008 810 2090 inhianti
829 2009 986 2094 devorat
1003 2035 1082 2102 ore,

207 2174 254 2257 Et
270 2176 412 2258 mirans
431 2177 543 2258 docili
565 2195 771 2259 matertera
789 2178 939 2286 plaudit
956 2178 1129 2280 alumno.

177 2455 178 2459 Ν
209 2343 242 2422 0
257 2364 449 2453 quantum
465 2344 519 2424 est
538 2363 676 2426 tenera
693 2345 843 2456 pietatis
861 2343 1004 2426 semina
1024 2342 1146 2426 menti

209 2513 348 2607 ludere,
369 2512 709 2623 Christiadumque
722 2511 895 2597 futuram
908 2511 1073 2593 condere
1091 2508 1276 2620 gentem?
1306 2527 1365 2594 5¹0

208 2680 264 2762 Ne
277 2680 377 2763 mihi
394 2682 479 2789 jam
497 2682 616 2763 libeat
635 2682 768 2765 mirari
785 2680 971 2763 Rhetoris
990 2702 1112 2762 artem

208 2848 360 2945 Urbani,
386 2849 457 2959 qui
474 2876 618 2958 magna
633 2809 780 2945 sonans,
808 2850 1016 2960 plaudente
1037 2849 1203 2959 popello,
1264 2928 1266 2935 ,

211 3017 344 3101 Astruit
364 3018 518 3099 infidias
536 3017 671 3099 delusae
689 3019 895 3099 blandulus
916 3019 1021 3097 auri:

208 3186 261 3267 Te
288 3185 431 3297 potius,
459 3185 561 3269 sacer
578 3188 779 3297 interpres,
806 3205 847 3268 te
864 3185 1037 3295 simplice
1057 3184 1166 3266 cultu

211 3353 326 3439 Verba
343 3373 589 3464 perorantem
608 3355 738 3440 divina
756 3354 888 3434 audire
912 3314 1087 3461 juvabit,
1311 3368 1368 3432 5¹5

212 3524 329 3633 Atque
347 3523 450 3604 inter
467 3550 602 3631 pueros
622 3524 812 3603 elementa
830 3522 1019 3635 revolvere
1039 3520 1178 3627 prima,

212 3691 326 3772 Aurea
343 3689 527 3818 discentes
545 3692 634 3775 vitae
651 3710 841 3802 praecepta
858 3690 994 3769 beatae.

259 3854 387 3939 Made
405 3861 520 3953 Puer,
548 3858 702 3939 firmata
719 3859 847 3939 virum
865 3883 957 3937 cum
977 3853 1112 3935 fecerit
1132 3870 1234 3949 aetas,

214 4022 286 4132 lpse
303 4026 583 4110 sacramentum
602 4025 743 4107 Christi
763 4027 849 4135 jam
868 4025 980 4107 miles
1002 4020 1154 4107 adultus

214 4188 379 4307 suscipe:
409 4196 559 4279 militiae
575 4194 644 4277 sub
664 4221 711 4275 eo
732 4195 894 4277 tolerare
914 4194 1095 4305 magistro
1299 4192 1372 4270 ‘5²0

458 4445 518 4529 ςὀο
540 4423 728 4508 catechizatio.
852 4442 1111 4525 519c=r4tmarrn

778 4525 819 4606 K
846 4548 870 4605 2
1260 4511 1377 4595 Disce
