<?xml version="1.0" encoding="UTF-8"?>
<!DOCTYPE html PUBLIC "-//W3C//DTD XHTML 1.0 Transitional//EN"
    "http://www.w3.org/TR/xhtml1/DTD/xhtml1-transitional.dtd">
<html xmlns="http://www.w3.org/1999/xhtml" xml:lang="en" lang="en">
 <head>
  <title>
</title>
<meta http-equiv="Content-Type" content="text/html;charset=utf-8" />
  <meta name='ocr-system' content='tesseract 3.04.00' />
  <meta name='ocr-capabilities' content='ocr_page ocr_carea ocr_par ocr_line ocrx_word'/>
</head>
<body>
  <div class='ocr_page' id='page_1' title='image "./opusculamiscell01burtgoog_0271.png"; bbox 0 0 3509 5175; ppageno 0'>
   <div class='ocr_carea' id='block_1_1' title="bbox 197 413 1414 3577">
    <p class='ocr_par' dir='ltr' id='par_1_1' title="bbox 645 413 938 565">
     <span class='ocr_line' id='line_1_1' title="bbox 645 413 938 565; baseline 0.024 -7"><span class='ocrx_word' id='word_1_1' title='bbox 645 417 672 558; x_wconf 90' lang='grc'>[</span> <span class='ocrx_word' id='word_1_2' title='bbox 739 452 837 552; x_wconf 57' lang='grc' dir='ltr'>’25Ῐ</span> <span class='ocrx_word' id='word_1_3' title='bbox 913 413 938 565; x_wconf 85' lang='lat' dir='ltr'><strong>i</strong></span> 
     </span>
    </p>

    <p class='ocr_par' dir='ltr' id='par_1_2' title="bbox 197 633 1375 2333">
     <span class='ocr_line' id='line_1_2' title="bbox 197 633 1372 765; baseline 0.014 -42"><span class='ocrx_word' id='word_1_4' title='bbox 197 639 278 723; x_wconf 88' lang='lat' dir='ltr'>boc</span> <span class='ocrx_word' id='word_1_5' title='bbox 303 636 544 754; x_wconf 73' lang='lat' dir='ltr'>potissimum</span> <span class='ocrx_word' id='word_1_6' title='bbox 567 633 692 724; x_wconf 83' lang='lat' dir='ltr'>laudis</span> <span class='ocrx_word' id='word_1_7' title='bbox 716 648 922 744; x_wconf 90' lang='lat' dir='ltr'>curriculo,</span> <span class='ocrx_word' id='word_1_8' title='bbox 952 648 1049 730; x_wconf 91' lang='lat' dir='ltr'>illud</span> <span class='ocrx_word' id='word_1_9' title='bbox 1070 649 1372 765; x_wconf 82' lang='lat' dir='ltr'>quodomnium</span> 
     </span>
     <span class='ocr_line' id='line_1_3' title="bbox 198 775 1374 886; baseline 0.013 -30"><span class='ocrx_word' id='word_1_10' title='bbox 198 775 416 857; x_wconf 71' lang='lat' dir='ltr'>animis‘est</span> <span class='ocrx_word' id='word_1_11' title='bbox 434 775 606 871; x_wconf 87' lang='lat' dir='ltr'>infiturn,</span> <span class='ocrx_word' id='word_1_12' title='bbox 635 798 856 859; x_wconf 82' lang='lat' dir='ltr'>exerceatur</span> <span class='ocrx_word' id='word_1_13' title='bbox 872 813 909 859; x_wconf 78' lang='grc' dir='ltr'>το</span> <span class='ocrx_word' id='word_1_14' title='bbox 926 813 1110 886; x_wconf 63' lang='lat' dir='ltr'>paparano.</span> <span class='ocrx_word' id='word_1_15' title='bbox 1139 783 1246 868; x_wconf 90' lang='lat' dir='ltr'>Mira</span> <span class='ocrx_word' id='word_1_16' title='bbox 1266 790 1374 871; x_wconf 83' lang='lat' dir='ltr'>enim</span> 
     </span>
     <span class='ocr_line' id='line_1_4' title="bbox 199 909 1373 1021; baseline 0.011 -27"><span class='ocrx_word' id='word_1_17' title='bbox 199 913 318 994; x_wconf 91' lang='lat' dir='ltr'>estin</span> <span class='ocrx_word' id='word_1_18' title='bbox 335 913 445 994; x_wconf 89' lang='lat' dir='ltr'>omni</span> <span class='ocrx_word' id='word_1_19' title='bbox 464 940 505 994; x_wconf 87' lang='lat' dir='ltr'>re</span> <span class='ocrx_word' id='word_1_20' title='bbox 525 909 755 995; x_wconf 82' lang='lat' dir='ltr'><strong>imitationis</strong></span> <span class='ocrx_word' id='word_1_21' title='bbox 770 920 886 1021; x_wconf 73' lang='lat' dir='ltr'>¹teile</span> <span class='ocrx_word' id='word_1_22' title='bbox 905 918 1088 1000; x_wconf 81' lang='lat' dir='ltr'>institutae</span> <span class='ocrx_word' id='word_1_23' title='bbox 1107 919 1161 1001; x_wconf 89' lang='lat' dir='ltr'>vis</span> <span class='ocrx_word' id='word_1_24' title='bbox 1172 957 1185 1015; x_wconf 73' lang='grc' dir='ltr'>ς</span> <span class='ocrx_word' id='word_1_25' title='bbox 1215 924 1373 1006; x_wconf 84' lang='lat' dir='ltr'>virtutes</span> 
     </span>
     <span class='ocr_line' id='line_1_5' title="bbox 200 1025 1374 1170; baseline 0.011 -41"><span class='ocrx_word' id='word_1_26' title='bbox 200 1051 345 1129; x_wconf 85' lang='lat' dir='ltr'>alienas</span> <span class='ocrx_word' id='word_1_27' title='bbox 368 1047 416 1128; x_wconf 84' lang='lat' dir='ltr'>ad</span> <span class='ocrx_word' id='word_1_28' title='bbox 444 1048 480 1129; x_wconf 89' lang='lat' dir='ltr'>se</span> <span class='ocrx_word' id='word_1_29' title='bbox 500 1049 680 1131; x_wconf 82' lang='lat' dir='ltr'>transfert</span> <span class='ocrx_word' id='word_1_30' title='bbox 691 1088 704 1146; x_wconf 82' lang='lat'>3</span> <span class='ocrx_word' id='word_1_31' title='bbox 730 1038 952 1160; x_wconf 78' lang='lat' dir='ltr'>vad&#39;pulchri</span> <span class='ocrx_word' id='word_1_32' title='bbox 970 1055 1121 1136; x_wconf 86' lang='lat' dir='ltr'>sensum</span> <span class='ocrx_word' id='word_1_33' title='bbox 1139 1033 1254 1168; x_wconf 87' lang='lat' dir='ltr'>atque</span> <span class='ocrx_word' id='word_1_34' title='bbox 1274 1025 1374 1170; x_wconf 44' lang='lat' dir='ltr'>sapiss</span> 
     </span>
     <span class='ocr_line' id='line_1_6' title="bbox 200 1179 1374 1298; baseline 0.013 -38"><span class='ocrx_word' id='word_1_35' title='bbox 200 1182 349 1262; x_wconf 87' lang='lat' dir='ltr'>entiam</span> <span class='ocrx_word' id='word_1_36' title='bbox 369 1179 662 1289; x_wconf 88' lang='lat' dir='ltr'>quodammodo</span> <span class='ocrx_word' id='word_1_37' title='bbox 682 1183 925 1292; x_wconf 83' lang='lat' dir='ltr'>inopinantes</span> <span class='ocrx_word' id='word_1_38' title='bbox 952 1189 1237 1298; x_wconf 86' lang='lat' dir='ltr'>compendiaria</span> <span class='ocrx_word' id='word_1_39' title='bbox 1265 1193 1374 1276; x_wconf 91' lang='lat' dir='ltr'>ducit</span> 
     </span>
     <span class='ocr_line' id='line_1_7' title="bbox 201 1311 1374 1424; baseline 0.013 -35"><span class='ocrx_word' id='word_1_40' title='bbox 201 1313 291 1392; x_wconf 85' lang='lat' dir='ltr'>via:</span> <span class='ocrx_word' id='word_1_41' title='bbox 329 1311 438 1421; x_wconf 90' lang='lat' dir='ltr'>quod</span> <span class='ocrx_word' id='word_1_42' title='bbox 457 1311 577 1419; x_wconf 89' lang='lat' dir='ltr'>usque</span> <span class='ocrx_word' id='word_1_43' title='bbox 594 1314 634 1392; x_wconf 79' lang='lat' dir='ltr'>be</span> <span class='ocrx_word' id='word_1_44' title='bbox 653 1314 773 1423; x_wconf 87' lang='lat' dir='ltr'>usque</span> <span class='ocrx_word' id='word_1_45' title='bbox 800 1313 1020 1424; x_wconf 85' lang='lat' dir='ltr'>legentibus</span> <span class='ocrx_word' id='word_1_46' title='bbox 1049 1320 1179 1401; x_wconf 86' lang='lat' dir='ltr'>minus</span> <span class='ocrx_word' id='word_1_47' title='bbox 1206 1321 1374 1406; x_wconf 81' lang='lat' dir='ltr'>feliciter</span> 
     </span>
     <span class='ocr_line' id='line_1_8' title="bbox 199 1446 1374 1556; baseline 0.011 -32"><span class='ocrx_word' id='word_1_48' title='bbox 199 1446 372 1527; x_wconf 88' lang='lat' dir='ltr'>inculcat</span> <span class='ocrx_word' id='word_1_49' title='bbox 386 1447 689 1556; x_wconf 80' lang='lat' dir='ltr'>praeceptionum</span> <span class='ocrx_word' id='word_1_50' title='bbox 701 1448 1059 1528; x_wconf 77' lang='lat' dir='ltr'>Grammaticorum</span> <span class='ocrx_word' id='word_1_51' title='bbox 1074 1450 1235 1534; x_wconf 83' lang='lat' dir='ltr'>labor&amp;</span> <span class='ocrx_word' id='word_1_52' title='bbox 1249 1481 1374 1552; x_wconf 89' lang='lat' dir='ltr'>mora,</span> 
     </span>
     <span class='ocr_line' id='line_1_9' title="bbox 200 1571 1372 1692; baseline 0.01 -36"><span class='ocrx_word' id='word_1_53' title='bbox 200 1577 241 1656; x_wconf 93' lang='lat' dir='ltr'>id</span> <span class='ocrx_word' id='word_1_54' title='bbox 260 1571 387 1687; x_wconf 85' lang='lat' dir='ltr'>ipsum</span> <span class='ocrx_word' id='word_1_55' title='bbox 407 1575 554 1658; x_wconf 86' lang='lat' dir='ltr'>felicius</span> <span class='ocrx_word' id='word_1_56' title='bbox 570 1578 761 1688; x_wconf 86' lang='lat' dir='ltr'>citiusque</span> <span class='ocrx_word' id='word_1_57' title='bbox 780 1579 852 1661; x_wconf 87' lang='lat' dir='ltr'>fibi</span> <span class='ocrx_word' id='word_1_58' title='bbox 878 1581 991 1661; x_wconf 88' lang='lat' dir='ltr'>tradit</span> <span class='ocrx_word' id='word_1_59' title='bbox 1011 1580 1208 1664; x_wconf 90' lang='lat' dir='ltr'>scribentis</span> <span class='ocrx_word' id='word_1_60' title='bbox 1226 1583 1342 1692; x_wconf 83' lang='lat' dir='ltr'>stylus</span> <span class='ocrx_word' id='word_1_61' title='bbox 1361 1617 1372 1668; x_wconf 76' lang='grc' dir='ltr'><strong><em>ε</em></strong></span> 
     </span>
     <span class='ocr_line' id='line_1_10' title="bbox 198 1713 1374 1833; baseline 0.008 -39"><span class='ocrx_word' id='word_1_62' title='bbox 198 1713 410 1824; x_wconf 80' lang='lat' dir='ltr'>elegantias</span> <span class='ocrx_word' id='word_1_63' title='bbox 429 1717 597 1809; x_wconf 89' lang='lat' dir='ltr'>Atticas,</span> <span class='ocrx_word' id='word_1_64' title='bbox 620 1741 715 1826; x_wconf 85' lang='lat' dir='ltr'>quas</span> <span class='ocrx_word' id='word_1_65' title='bbox 735 1718 971 1826; x_wconf 87' lang='lat' dir='ltr'>experiundo</span> <span class='ocrx_word' id='word_1_66' title='bbox 988 1717 1111 1813; x_wconf 85' lang='lat' dir='ltr'>sensrt,</span> <span class='ocrx_word' id='word_1_67' title='bbox 1139 1721 1235 1802; x_wconf 90' lang='lat' dir='ltr'>dum</span> <span class='ocrx_word' id='word_1_68' title='bbox 1254 1721 1374 1833; x_wconf 86' lang='lat' dir='ltr'>probe</span> 
     </span>
     <span class='ocr_line' id='line_1_11' title="bbox 200 1851 1375 1945; baseline 0.009 -15"><span class='ocrx_word' id='word_1_69' title='bbox 200 1852 395 1944; x_wconf 86' lang='lat' dir='ltr'>imitatur,</span> <span class='ocrx_word' id='word_1_70' title='bbox 423 1851 518 1932; x_wconf 89' lang='lat' dir='ltr'>sacit</span> <span class='ocrx_word' id='word_1_71' title='bbox 535 1851 646 1945; x_wconf 70' lang='lat' dir='ltr'>suas,</span> <span class='ocrx_word' id='word_1_72' title='bbox 678 1854 721 1934; x_wconf 91' lang='lat' dir='ltr'>in</span> <span class='ocrx_word' id='word_1_73' title='bbox 750 1854 883 1934; x_wconf 83' lang='lat' dir='ltr'>alienae</span> <span class='ocrx_word' id='word_1_74' title='bbox 911 1853 1033 1935; x_wconf 87' lang='lat' dir='ltr'>laudis</span> <span class='ocrx_word' id='word_1_75' title='bbox 1056 1856 1277 1940; x_wconf 85' lang='lat' dir='ltr'>societatem</span> <span class='ocrx_word' id='word_1_76' title='bbox 1305 1861 1375 1940; x_wconf 90' lang='lat' dir='ltr'>ad·</span> 
     </span>
     <span class='ocr_line' id='line_1_12' title="bbox 201 1985 1373 2100; baseline 0.005 -35"><span class='ocrx_word' id='word_1_77' title='bbox 201 1985 376 2066; x_wconf 87' lang='lat' dir='ltr'>mittitur</span> <span class='ocrx_word' id='word_1_78' title='bbox 386 2021 400 2078; x_wconf 78' lang='lat'>3</span> <span class='ocrx_word' id='word_1_79' title='bbox 440 1989 494 2080; x_wconf 80' lang='lat' dir='ltr'>br,</span> <span class='ocrx_word' id='word_1_80' title='bbox 525 2006 568 2068; x_wconf 90' lang='lat' dir='ltr'>ut</span> <span class='ocrx_word' id='word_1_81' title='bbox 593 1988 646 2066; x_wconf 76' lang='lat' dir='ltr'>ita</span> <span class='ocrx_word' id='word_1_82' title='bbox 665 1989 809 2085; x_wconf 87' lang='lat' dir='ltr'>dicam,</span> <span class='ocrx_word' id='word_1_83' title='bbox 839 1989 1032 2096; x_wconf 91' lang='lat' dir='ltr'>inquilino</span> <span class='ocrx_word' id='word_1_84' title='bbox 1052 1989 1132 2082; x_wconf 81' lang='lat' dir='ltr'>tali,</span> <span class='ocrx_word' id='word_1_85' title='bbox 1162 1990 1373 2100; x_wconf 75' lang='lat' dir='ltr'>cujusvir-</span> 
     </span>
     <span class='ocr_line' id='line_1_13' title="bbox 202 2120 1372 2229; baseline 0.001 -30"><span class='ocrx_word' id='word_1_86' title='bbox 202 2138 306 2200; x_wconf 86' lang='lat' dir='ltr'>tutes</span> <span class='ocrx_word' id='word_1_87' title='bbox 326 2138 506 2227; x_wconf 85' lang='lat' dir='ltr'>oognatas</span> <span class='ocrx_word' id='word_1_88' title='bbox 524 2123 763 2229; x_wconf 85' lang='lat' dir='ltr'>agnoverint,</span> <span class='ocrx_word' id='word_1_89' title='bbox 792 2122 961 2203; x_wconf 85' lang='lat' dir='ltr'>civitatis</span> <span class='ocrx_word' id='word_1_90' title='bbox 989 2122 1061 2201; x_wconf 84' lang='lat' dir='ltr'>suae</span> <span class='ocrx_word' id='word_1_91' title='bbox 1080 2120 1144 2228; x_wconf 88' lang='lat' dir='ltr'>jus</span> <span class='ocrx_word' id='word_1_92' title='bbox 1176 2123 1372 2204; x_wconf 81' lang='lat' dir='ltr'>noninvi-</span> 
     </span>
     <span class='ocr_line' id='line_1_14' title="bbox 201 2251 509 2333; baseline 0 -1"><span class='ocrx_word' id='word_1_93' title='bbox 201 2251 354 2333; x_wconf 90' lang='lat' dir='ltr'>debunt</span> <span class='ocrx_word' id='word_1_94' title='bbox 371 2252 509 2332; x_wconf 88' lang='lat' dir='ltr'>Attici.</span> 
     </span>
    </p>

    <p class='ocr_par' dir='ltr' id='par_1_3' title="bbox 199 2388 1414 3577">
     <span class='ocr_line' id='line_1_15' title="bbox 255 2388 1371 2500; baseline 0.001 -32"><span class='ocrx_word' id='word_1_95' title='bbox 255 2389 391 2496; x_wconf 82' lang='lat' dir='ltr'>Qare</span> <span class='ocrx_word' id='word_1_96' title='bbox 420 2389 522 2470; x_wconf 87' lang='lat' dir='ltr'>subit</span> <span class='ocrx_word' id='word_1_97' title='bbox 551 2389 766 2470; x_wconf 87' lang='lat' dir='ltr'>identidem</span> <span class='ocrx_word' id='word_1_98' title='bbox 794 2389 899 2471; x_wconf 86' lang='lat' dir='ltr'>baud</span> <span class='ocrx_word' id='word_1_99' title='bbox 929 2393 1007 2472; x_wconf 89' lang='lat' dir='ltr'>fine</span> <span class='ocrx_word' id='word_1_100' title='bbox 1037 2393 1191 2500; x_wconf 89' lang='lat' dir='ltr'>querela</span> <span class='ocrx_word' id='word_1_101' title='bbox 1219 2388 1371 2484; x_wconf 81' lang='lat' dir='ltr'>mirari,</span> 
     </span>
     <span class='ocr_line' id='line_1_16' title="bbox 201 2516 1373 2641; baseline 0.002 -34"><span class='ocrx_word' id='word_1_102' title='bbox 201 2527 309 2637; x_wconf 91' lang='lat' dir='ltr'>quod</span> <span class='ocrx_word' id='word_1_103' title='bbox 327 2528 369 2609; x_wconf 91' lang='lat' dir='ltr'>in</span> <span class='ocrx_word' id='word_1_104' title='bbox 385 2526 690 2609; x_wconf 85' lang='lat' dir='ltr'>institutionibus</span> <span class='ocrx_word' id='word_1_105' title='bbox 709 2528 869 2621; x_wconf 84' lang='lat' dir='ltr'>Graecis,</span> <span class='ocrx_word' id='word_1_106' title='bbox 890 2530 990 2641; x_wconf 86' lang='lat' dir='ltr'>styli,</span> <span class='ocrx_word' id='word_1_107' title='bbox 1020 2516 1139 2639; x_wconf 84' lang='lat' dir='ltr'>quern</span> <span class='ocrx_word' id='word_1_108' title='bbox 1158 2547 1286 2611; x_wconf 90' lang='lat' dir='ltr'>tamen</span> <span class='ocrx_word' id='word_1_109' title='bbox 1303 2531 1373 2609; x_wconf 88' lang='lat' dir='ltr'>Ci-</span> 
     </span>
     <span class='ocr_line' id='line_1_17' title="bbox 199 2660 1373 2771; baseline 0 -30"><span class='ocrx_word' id='word_1_110' title='bbox 199 2686 293 2741; x_wconf 89' lang='lat' dir='ltr'>cero</span> <span class='ocrx_word' id='word_1_111' title='bbox 310 2660 389 2767; x_wconf 91' lang='lat' dir='ltr'>ipse</span> <span class='ocrx_word' id='word_1_112' title='bbox 407 2662 577 2769; x_wconf 84' lang='lat' dir='ltr'>agnoscit</span> <span class='ocrx_word' id='word_1_113' title='bbox 595 2661 790 2771; x_wconf 89' lang='lat' dir='ltr'>optimum</span> <span class='ocrx_word' id='word_1_114' title='bbox 810 2663 965 2744; x_wconf 88' lang='lat' dir='ltr'>dicendi</span> <span class='ocrx_word' id='word_1_115' title='bbox 987 2662 1226 2769; x_wconf 82' lang='lat' dir='ltr'>magistrum,</span> <span class='ocrx_word' id='word_1_116' title='bbox 1256 2664 1373 2743; x_wconf 89' lang='lat' dir='ltr'>rarior</span> 
     </span>
     <span class='ocr_line' id='line_1_18' title="bbox 201 2798 1371 2909; baseline -0.001 -31"><span class='ocrx_word' id='word_1_117' title='bbox 201 2798 431 2879; x_wconf 86' lang='lat' dir='ltr'>adhibeatur</span> <span class='ocrx_word' id='word_1_118' title='bbox 459 2799 708 2881; x_wconf 85' lang='lat' dir='ltr'>exercitatio:</span> <span class='ocrx_word' id='word_1_119' title='bbox 750 2802 790 2879; x_wconf 78' lang='lat' dir='ltr'>bo</span> <span class='ocrx_word' id='word_1_120' title='bbox 816 2800 993 2909; x_wconf 74' lang='lat' dir='ltr'>profesio</span> <span class='ocrx_word' id='word_1_121' title='bbox 1009 2828 1090 2881; x_wconf 85' lang='lat' dir='ltr'>¹cur</span> <span class='ocrx_word' id='word_1_122' title='bbox 1119 2828 1198 2879; x_wconf 93' lang='lat' dir='ltr'>non</span> <span class='ocrx_word' id='word_1_123' title='bbox 1226 2801 1265 2880; x_wconf 92' lang='lat' dir='ltr'>in</span> <span class='ocrx_word' id='word_1_124' title='bbox 1293 2800 1371 2893; x_wconf 91' lang='lat' dir='ltr'>his,</span> 
     </span>
     <span class='ocr_line' id='line_1_19' title="bbox 201 2928 1372 3038; baseline 0.007 -30"><span class='ocrx_word' id='word_1_125' title='bbox 201 2929 363 3038; x_wconf 85' lang='lat' dir='ltr'>perinde</span> <span class='ocrx_word' id='word_1_126' title='bbox 382 2957 425 3009; x_wconf 88' lang='lat' dir='ltr'>ac</span> <span class='ocrx_word' id='word_1_127' title='bbox 443 2928 605 3024; x_wconf 90' lang='lat' dir='ltr'>Latinis,</span> <span class='ocrx_word' id='word_1_128' title='bbox 623 2929 755 3011; x_wconf 89' lang='lat' dir='ltr'>locum</span> <span class='ocrx_word' id='word_1_129' title='bbox 772 2929 915 3012; x_wconf 90' lang='lat' dir='ltr'>habere</span> <span class='ocrx_word' id='word_1_130' title='bbox 934 2932 1083 3026; x_wconf 85' lang='lat' dir='ltr'>debeat,</span> <span class='ocrx_word' id='word_1_131' title='bbox 1103 2931 1231 3013; x_wconf 88' lang='lat' dir='ltr'>nullus</span> <span class='ocrx_word' id='word_1_132' title='bbox 1246 2932 1372 3017; x_wconf 83' lang='lat' dir='ltr'>video.</span> 
     </span>
     <span class='ocr_line' id='line_1_20' title="bbox 201 3064 1414 3173; baseline 0 -28"><span class='ocrx_word' id='word_1_133' title='bbox 201 3064 264 3145; x_wconf 90' lang='lat' dir='ltr'>Re</span> <span class='ocrx_word' id='word_1_134' title='bbox 284 3064 365 3173; x_wconf 87' lang='lat' dir='ltr'>ipsa</span> <span class='ocrx_word' id='word_1_135' title='bbox 382 3064 607 3173; x_wconf 84' lang='lat' dir='ltr'>intelligetis</span> <span class='ocrx_word' id='word_1_136' title='bbox 625 3093 697 3146; x_wconf 86' lang='lat' dir='ltr'>nec</span> <span class='ocrx_word' id='word_1_137' title='bbox 722 3067 902 3146; x_wconf 90' lang='lat' dir='ltr'>inutilem</span> <span class='ocrx_word' id='word_1_138' title='bbox 931 3066 1004 3147; x_wconf 79' lang='lat' dir='ltr'>effe</span> <span class='ocrx_word' id='word_1_139' title='bbox 1029 3068 1138 3147; x_wconf 84' lang='lat' dir='ltr'>illam</span> <span class='ocrx_word' id='word_1_140' title='bbox 1166 3095 1240 3147; x_wconf 89' lang='lat' dir='ltr'>nec</span> <span class='ocrx_word' id='word_1_141' title='bbox 1268 3068 1373 3173; x_wconf 87' lang='lat' dir='ltr'>inju-</span> <span class='ocrx_word' id='word_1_142' title='bbox 1412 3115 1414 3117; x_wconf 95' lang='lat'>-</span> 
     </span>
     <span class='ocr_line' id='line_1_21' title="bbox 202 3187 1373 3305; baseline 0.001 -33"><span class='ocrx_word' id='word_1_143' title='bbox 202 3192 401 3275; x_wconf 78' lang='lat' dir='ltr'>cundem:</span> <span class='ocrx_word' id='word_1_144' title='bbox 447 3187 668 3303; x_wconf 83' lang='lat' dir='ltr'>intelligetis</span> <span class='ocrx_word' id='word_1_145' title='bbox 697 3222 813 3303; x_wconf 92' lang='lat' dir='ltr'>porro</span> <span class='ocrx_word' id='word_1_146' title='bbox 841 3196 937 3277; x_wconf 93' lang='lat' dir='ltr'>illud</span> <span class='ocrx_word' id='word_1_147' title='bbox 966 3223 1064 3305; x_wconf 91' lang='lat' dir='ltr'>opus</span> <span class='ocrx_word' id='word_1_148' title='bbox 1089 3223 1207 3305; x_wconf 82' lang='lat' dir='ltr'>quant</span> <span class='ocrx_word' id='word_1_149' title='bbox 1227 3192 1373 3275; x_wconf 77' lang='lat' dir='ltr'>nonsit</span> 
     </span>
     <span class='ocr_line' id='line_1_22' title="bbox 202 3331 1375 3443; baseline 0.001 -34"><span class='ocrx_word' id='word_1_150' title='bbox 202 3334 367 3415; x_wconf 88' lang='lat' dir='ltr'>arduum</span> <span class='ocrx_word' id='word_1_151' title='bbox 387 3332 427 3411; x_wconf 78' lang='lat' dir='ltr'>bc</span> <span class='ocrx_word' id='word_1_152' title='bbox 445 3333 602 3414; x_wconf 87' lang='lat' dir='ltr'>difficile</span> <span class='ocrx_word' id='word_1_153' title='bbox 618 3333 724 3443; x_wconf 92' lang='lat' dir='ltr'>quod</span> <span class='ocrx_word' id='word_1_154' title='bbox 747 3331 850 3413; x_wconf 88' lang='lat' dir='ltr'>sacili</span> <span class='ocrx_word' id='word_1_155' title='bbox 881 3335 1039 3443; x_wconf 90' lang='lat' dir='ltr'>negotio</span> <span class='ocrx_word' id='word_1_156' title='bbox 1066 3335 1122 3414; x_wconf 90' lang='lat' dir='ltr'>vir</span> <span class='ocrx_word' id='word_1_157' title='bbox 1143 3332 1284 3414; x_wconf 89' lang='lat' dir='ltr'>otiosus</span> <span class='ocrx_word' id='word_1_158' title='bbox 1305 3358 1375 3411; x_wconf 88' lang='lat' dir='ltr'>ex-</span> 
     </span>
     <span class='ocr_line' id='line_1_23' title="bbox 203 3462 1375 3577; baseline -0.003 -30"><span class='ocrx_word' id='word_1_159' title='bbox 203 3466 403 3573; x_wconf 86' lang='lat' dir='ltr'>pediverit.</span> <span class='ocrx_word' id='word_1_160' title='bbox 447 3466 546 3575; x_wconf 83' lang='lat' dir='ltr'>Qae</span> <span class='ocrx_word' id='word_1_161' title='bbox 564 3469 659 3549; x_wconf 83' lang='lat' dir='ltr'>aueo</span> <span class='ocrx_word' id='word_1_162' title='bbox 677 3466 754 3547; x_wconf 88' lang='lat' dir='ltr'>hac</span> <span class='ocrx_word' id='word_1_163' title='bbox 768 3469 810 3547; x_wconf 92' lang='lat' dir='ltr'>in</span> <span class='ocrx_word' id='word_1_164' title='bbox 837 3486 946 3577; x_wconf 86' lang='lat' dir='ltr'>parte</span> <span class='ocrx_word' id='word_1_165' title='bbox 967 3467 1051 3573; x_wconf 82' lang='lat' dir='ltr'>jam</span> <span class='ocrx_word' id='word_1_166' title='bbox 1075 3466 1171 3547; x_wconf 90' lang='lat' dir='ltr'>olim</span> <span class='ocrx_word' id='word_1_167' title='bbox 1199 3462 1375 3574; x_wconf 80' lang='lat' dir='ltr'>praeluse·</span> 
     </span>
    </p>
   </div>
   <div class='ocr_carea' id='block_1_2' title="bbox 204 3595 1497 3709">
    <p class='ocr_par' dir='ltr' id='par_1_4' title="bbox 204 3595 1497 3709">
     <span class='ocr_line' id='line_1_24' title="bbox 204 3595 1497 3709; baseline 0.001 -33"><span class='ocrx_word' id='word_1_168' title='bbox 204 3626 300 3692; x_wconf 85' lang='lat' dir='ltr'>ram,</span> <span class='ocrx_word' id='word_1_169' title='bbox 330 3596 470 3678; x_wconf 85' lang='lat' dir='ltr'>vestros</span> <span class='ocrx_word' id='word_1_170' title='bbox 488 3601 530 3679; x_wconf 92' lang='lat' dir='ltr'>in</span> <span class='ocrx_word' id='word_1_171' title='bbox 549 3600 636 3680; x_wconf 89' lang='lat' dir='ltr'>usus</span> <span class='ocrx_word' id='word_1_172' title='bbox 662 3626 785 3709; x_wconf 89' lang='lat' dir='ltr'>pauca</span> <span class='ocrx_word' id='word_1_173' title='bbox 815 3598 994 3707; x_wconf 74' lang='lat' dir='ltr'>quedam</span> <span class='ocrx_word' id='word_1_174' title='bbox 1022 3597 1190 3677; x_wconf 86' lang='lat' dir='ltr'>libenter</span> <span class='ocrx_word' id='word_1_175' title='bbox 1220 3595 1374 3691; x_wconf 88' lang='lat' dir='ltr'>emitto,</span> <span class='ocrx_word' id='word_1_176' title='bbox 1494 3622 1497 3627; x_wconf 74' lang='grc'>’</span> 
     </span>
    </p>
   </div>
   <div class='ocr_carea' id='block_1_3' title="bbox 205 3733 1494 4389">
    <p class='ocr_par' dir='ltr' id='par_1_5' title="bbox 205 3733 1494 4389">
     <span class='ocr_line' id='line_1_25' title="bbox 205 3733 1376 3848; baseline -0.003 -33"><span class='ocrx_word' id='word_1_177' title='bbox 205 3736 316 3848; x_wconf 87' lang='lat' dir='ltr'>plura</span> <span class='ocrx_word' id='word_1_178' title='bbox 332 3734 485 3832; x_wconf 83' lang='lat' dir='ltr'>itidem,</span> <span class='ocrx_word' id='word_1_179' title='bbox 506 3737 671 3820; x_wconf 72' lang='lat' dir='ltr'>svestra</span> <span class='ocrx_word' id='word_1_180' title='bbox 690 3737 890 3847; x_wconf 86' lang='lat' dir='ltr'>postulavit</span> <span class='ocrx_word' id='word_1_181' title='bbox 911 3735 1139 3845; x_wconf 74' lang='lat' dir='ltr'>expectatio,</span> <span class='ocrx_word' id='word_1_182' title='bbox 1163 3733 1376 3815; x_wconf 82' lang='lat' dir='ltr'>emissurus.</span> 
     </span>
     <span class='ocr_line' id='line_1_26' title="bbox 205 3872 1375 3992; baseline 0 -39"><span class='ocrx_word' id='word_1_183' title='bbox 205 3873 257 3955; x_wconf 87' lang='lat' dir='ltr'>Et</span> <span class='ocrx_word' id='word_1_184' title='bbox 276 3874 362 3955; x_wconf 90' lang='lat' dir='ltr'>sane</span> <span class='ocrx_word' id='word_1_185' title='bbox 381 3896 498 3985; x_wconf 91' lang='lat' dir='ltr'>prout</span> <span class='ocrx_word' id='word_1_186' title='bbox 516 3879 557 3957; x_wconf 92' lang='lat' dir='ltr'>in</span> <span class='ocrx_word' id='word_1_187' title='bbox 572 3874 828 3989; x_wconf 82' lang='lat' dir='ltr'>superioribus</span> <span class='ocrx_word' id='word_1_188' title='bbox 846 3876 888 3956; x_wconf 91' lang='lat' dir='ltr'>id</span> <span class='ocrx_word' id='word_1_189' title='bbox 907 3902 1062 3985; x_wconf 84' lang='lat' dir='ltr'>egeram</span> <span class='ocrx_word' id='word_1_190' title='bbox 1080 3892 1125 3992; x_wconf 83' lang='lat' dir='ltr'>ut</span> <span class='ocrx_word' id='word_1_191' title='bbox 1138 3872 1221 3985; x_wconf 88' lang='lat' dir='ltr'>styli</span> <span class='ocrx_word' id='word_1_192' title='bbox 1238 3874 1375 3953; x_wconf 87' lang='lat' dir='ltr'>Xeno·</span> 
     </span>
     <span class='ocr_line' id='line_1_27' title="bbox 206 4001 1377 4129; baseline 0 -40"><span class='ocrx_word' id='word_1_193' title='bbox 206 4007 368 4118; x_wconf 91' lang='lat' dir='ltr'>phontei</span> <span class='ocrx_word' id='word_1_194' title='bbox 386 4001 558 4094; x_wconf 84' lang='lat' dir='ltr'>colorem</span> <span class='ocrx_word' id='word_1_195' title='bbox 572 4014 613 4095; x_wconf 77' lang='lat' dir='ltr'>bc</span> <span class='ocrx_word' id='word_1_196' title='bbox 625 4044 825 4129; x_wconf 62' lang='grc' dir='ltr'>χαρακτηςω</span> <span class='ocrx_word' id='word_1_197' title='bbox 842 4013 1082 4123; x_wconf 88' lang='lat' dir='ltr'>aliquatenus</span> <span class='ocrx_word' id='word_1_198' title='bbox 1096 4009 1377 4121; x_wconf 85' lang='lat' dir='ltr'>exprimerem,</span> 
     </span>
     <span class='ocr_line' id='line_1_28' title="bbox 206 4139 1494 4257; baseline -0.002 -36"><span class='ocrx_word' id='word_1_199' title='bbox 206 4160 342 4251; x_wconf 88' lang='lat' dir='ltr'>utpote</span> <span class='ocrx_word' id='word_1_200' title='bbox 360 4142 585 4242; x_wconf 87' lang='lat' dir='ltr'>hominum,</span> <span class='ocrx_word' id='word_1_201' title='bbox 613 4146 805 4240; x_wconf 90' lang='lat' dir='ltr'>locorum,</span> <span class='ocrx_word' id='word_1_202' title='bbox 834 4172 1040 4257; x_wconf 88' lang='lat' dir='ltr'>rerumque</span> <span class='ocrx_word' id='word_1_203' title='bbox 1059 4139 1377 4254; x_wconf 86' lang='lat' dir='ltr'>descriptionibus</span> <span class='ocrx_word' id='word_1_204' title='bbox 1470 4152 1494 4255; x_wconf 80' lang='grc' dir='ltr'> </span> 
     </span>
     <span class='ocr_line' id='line_1_29' title="bbox 206 4270 1378 4389; baseline -0.006 -34"><span class='ocrx_word' id='word_1_205' title='bbox 206 4278 627 4371; x_wconf 69' lang='lat' dir='ltr'>accommodatiorem</span> <span class='ocrx_word' id='word_1_206' title='bbox 659 4281 714 4361; x_wconf 90' lang='lat' dir='ltr'>ita</span> <span class='ocrx_word' id='word_1_207' title='bbox 734 4280 784 4359; x_wconf 88' lang='lat' dir='ltr'>&#39;in</span> <span class='ocrx_word' id='word_1_208' title='bbox 814 4278 1075 4389; x_wconf 76' lang='lat' dir='ltr'>disquisitione</span> <span class='ocrx_word' id='word_1_209' title='bbox 1106 4270 1378 4383; x_wconf 89' lang='lat' dir='ltr'>Philosophica</span> 
     </span>
    </p>
   </div>
   <div class='ocr_carea' id='block_1_4' title="bbox 205 4400 1384 4637">
    <p class='ocr_par' dir='ltr' id='par_1_6' title="bbox 205 4400 1384 4637">
     <span class='ocr_line' id='line_1_30' title="bbox 205 4400 1378 4615; baseline 0.038 -128"><span class='ocrx_word' id='word_1_210' title='bbox 205 4405 368 4495; x_wconf 86' lang='lat' dir='ltr'>Platone</span> <span class='ocrx_word' id='word_1_211' title='bbox 385 4412 472 4497; x_wconf 87' lang='lat' dir='ltr'>usus</span> <span class='ocrx_word' id='word_1_212' title='bbox 489 4400 575 4500; x_wconf 83' lang='lat' dir='ltr'>sum</span> <span class='ocrx_word' id='word_1_213' title='bbox 592 4412 749 4498; x_wconf 88' lang='lat' dir='ltr'>dicendi</span> <span class='ocrx_word' id='word_1_214' title='bbox 768 4410 967 4521; x_wconf 82' lang='lat' dir='ltr'>magistro·</span> <span class='ocrx_word' id='word_1_215' title='bbox 1011 4411 1079 4497; x_wconf 72' lang='lat' dir='ltr'>An</span> <span class='ocrx_word' id='word_1_216' title='bbox 1096 4406 1151 4505; x_wconf 73' lang='lat' dir='ltr'>id»</span> <span class='ocrx_word' id='word_1_217' title='bbox 1180 4402 1286 4521; x_wconf 73' lang='lat' dir='ltr'>qu⁰d</span> <span class='ocrx_word' id='word_1_218' title='bbox 1304 4426 1378 4615; x_wconf 49' lang='lat'>{⁰2¹</span> 
     </span>
     <span class='ocr_line' id='line_1_31' title="bbox 842 4542 1384 4637; baseline 0.05 -15"><span class='ocrx_word' id='word_1_219' title='bbox 842 4542 863 4623; x_wconf 96' lang='lat' dir='ltr'>I</span> <span class='ocrx_word' id='word_1_220' title='bbox 881 4542 896 4622; x_wconf 95' lang='lat' dir='ltr'>i</span> <span class='ocrx_word' id='word_1_221' title='bbox 924 4568 949 4625; x_wconf 88' lang='lat'>2</span> <span class='ocrx_word' id='word_1_222' title='bbox 1324 4556 1384 4637; x_wconf 72' lang='lat'>¹¹¹0.</span> 
     </span>
    </p>
   </div>
   <div class='ocr_carea' id='block_1_5' title="bbox 0 0 1770 5175">
    <p class='ocr_par' dir='ltr' id='par_1_7' title="bbox 0 0 1770 5175">
     <span class='ocr_line' id='line_1_32' title="bbox 0 0 1770 5175; baseline 0 0"><span class='ocrx_word' id='word_1_223' title='bbox 0 0 1770 5175; x_wconf 95' lang='lat' dir='ltr'> </span> 
     </span>
    </p>
   </div>
  </div>
 </body>
</html>
