3509 5175
803 434 830 581 [
901 473 1001 575 294
1069 441 1093 584 ]

367 663 490 745 donis
509 664 715 745 recondita
734 665 1042 762 ostentationem,
1071 669 1135 752 sed
1154 671 1376 767 vernaculo,
1404 659 1446 753 t'e
1468 701 1551 784 po-
1594 618 1595 665 i

373 796 512 904 pulari,
539 797 579 874 dc
595 794 862 890 Catechetico,
884 800 930 879 ad
949 798 1169 902 Juventutis
1189 801 1437 884 Academicae
1453 827 1552 914 cap-

329 1023 330 1030 p
371 948 461 1008 tum
481 928 639 1038 ususque
653 932 1008 1012 accommodatam:
1037 934 1552 1044 materiemTheologicam

370 1063 583 1144 universam
598 1054 774 1174 ινσυνσψα
787 1059 1015 1175 descriptam
1028 1065 1230 1160 exhibuit3
1261 1071 1544 1180 supelleffllem

373 1225 535 1282 omnem
555 1201 719 1280 seriatim
737 1202 967 1310 explicavit;
994 1195 1206 1296 aradam
1232 1204 1399 1285 cacatum
1424 1238 1467 1285 εκ
1485 1240 1550 1286 ros

373 1327 547 1445 &praepos
575 1361 620 1406 ra
648 1361 760 1452 terassa¹
780 1363 839 1425 aas
869 1366 916 1410 ra
943 1351 1099 1412 naama·
1128 1361 1243 1443 porro
1260 1337 1542 1447 componendi,

296 1507 298 1512 ·
373 1458 610 1568 disponendi,
624 1460 879 1567 proponendi,
898 1462 1133 1570 exponendi,
1154 1463 1375 1558 artificium,
1408 1463 1549 1544 diverfi

372 1593 521 1699 generis
548 1592 801 1672 instrumenta
822 1592 981 1701 ususque
1000 1595 1340 1691 commonstravit,
1367 1597 1411 1675 id
1431 1622 1549 1704 agens

372 1743 417 1804 ut
436 1723 660 1833 Theologus
681 1725 746 1805 ille
760 1724 911 1807 futurus
931 1755 1010 1806 non
1029 1728 1134 1808 rudis
1153 1730 1301 1838 prorsus
1321 1731 1359 1809 dc
1378 1730 1547 1835 impari·

373 1878 438 1941 tus
457 1859 595 1941 Rostra
614 1862 820 1956 invaderet,
849 1863 914 1941 sed
932 1864 1071 1970 praevia
1088 1862 1162 1944 hac
1183 1865 1384 1975 disciplina
1407 1865 1547 1944 imbu-

373 2012 438 2074 tus
458 2012 574 2102 atque
594 1992 798 2085 formatus,
829 1997 888 2075 uti
906 1995 1020 2076 miles
1039 2022 1238 2078 armorum
1262 1999 1330 2085 usu
1347 2000 1389 2078 de
1406 1998 1547 2106 praelu·

344 2175 346 2184 J
373 2125 475 2204 stone
496 2107 665 2233 quadam
683 2127 926 2219 exercitatus,
954 2155 977 2208 e
1003 2129 1132 2212 castris
1161 2130 1203 2210 in
1225 2131 1348 2212 aciem
1372 2130 1550 2241 paratior

374 2258 415 2337 de
434 2255 658 2341 melioribus
681 2258 855 2366 auspiciis
874 2260 1060 2366 prodiret.

427 2389 490 2468 En
510 2391 549 2469 id
570 2388 707 2498 ipsum,
737 2391 843 2500 quod
863 2391 904 2470 in
924 2387 1130 2502 'disciplinae
1150 2393 1395 2474 Academicae
1415 2393 1546 2472 curri·

341 2505 463 2606 'colo
490 2525 769 2605 desiderabatur
798 2497 999 2607 mdxime!
1052 2527 1348 2635 Theologotum
1380 2545 1547 2635 gentem

367 2656 546 2754 ,suturam
563 2658 740 2751 condere,
770 2656 851 2737 Hic
869 2658 991 2753 labor,
1019 2658 1096 2738 hoc
1115 2657 1233 2767 opus!
1328 2677 1331 2688 ·

411 2792 680 2895 Qsamobrem
696 2791 743 2871 ab
756 2791 1002 2872 Academicis
1012 2794 1144 2899 gratiae
1158 2790 1345 2873 debentur
1358 2794 1547 2875 maxima
1594 2845 1595 2854 κ

373 2940 459 3001 tum
477 2922 552 3015 Illi,
582 2922 648 3029 qui
669 2926 798 3003 audon
816 2924 1018 3035 confilium
1032 2924 1108 3003 hoc
1129 2924 1248 3015 dedit,
1269 2943 1355 3003 tum
1375 2923 1458 3016 Illi,
1479 2926 1546 3034 qui

373 3058 477 3139 ultro
512 3058 684 3167 praestitit
715 3058 962 3167 obsequium,
991 3061 1173 3169 praeclara
1203 3060 1243 3139 δι
1276 3058 1476 3167 aggressus
1508 3063 1548 3141 dc

373 3195 613 3276 consecutus.
1221 3268 1226 3276 .

426 3327 536 3435 Qin
549 3313 589 3407 ec
602 3328 786 3409 Hominis
799 3328 1163 3437 magnanimitatem
1180 3327 1309 3421 laudo,
1324 3328 1407 3435 qui,
1422 3326 1547 3409 Deri-

373 3464 503 3547 sorum
522 3464 671 3545 fastidia
692 3493 770 3547 non
789 3467 946 3558 veritus,
976 3466 1252 3575 discipulorum
1279 3464 1380 3545 inter
1404 3464 1545 3545 cathe-

374 3604 473 3694 dras,
492 3603 613 3683 veluti
632 3602 792 3713 pristino
808 3605 953 3683 iterum
968 3577 1074 3694 ludo,
1094 3588 1241 3683 includi
1259 3602 1307 3681 Se
1324 3622 1545 3708 pateretur:

372 3738 492 3823 laudo
511 3737 628 3817 etiam
651 3736 921 3817 abstinentiam
946 3734 1117 3828 artificis,
1147 3738 1218 3845 qui
1236 3734 1487 3844 Reipublicae
1505 3765 1545 3815 o·

374 3896 508 3977 peram
528 3868 630 3947 locat
648 3895 728 3973 non
747 3868 935 3959 venalem,
956 3867 1019 3948 sed
1033 3867 1111 3947 fine
1130 3867 1236 3961 dote,
1256 3865 1334 3947 fine
1351 3870 1548 3959 mercede,

376 4006 600 4111 gratuitam,
623 4006 841 4115 mercesque
855 4004 936 4088 suas
951 4005 1129 4115 pretiosas
1148 4004 1343 4114 discipulis
1361 4002 1442 4084 stne
1463 4032 1548 4115 pre·

370 4145 430 4233 tio
452 4146 663 4254 proponit3
682 4146 832 4253 'insigni
857 4144 934 4227 hoc
954 4146 1191 4227 documento
1209 4144 1309 4225 clare
1328 4142 1547 4251 fignificans
1594 4135 1596 4190 ⁸

377 4282 425 4361 Se
454 4282 663 4361 commoda
690 4281 845 4391 publica
872 4282 1027 4392 privatis
1050 4281 1126 4364 suis
1155 4279 1365 4362 rationibus
1386 4282 1547 4390 quibus·
1594 4271 1595 4282 ³

372 4440 534 4521 cunque
554 4433 798 4527 anteponere.
1418 4394 1429 4413 κ

1424 4540 1549 4655 Euge,
1594 4523 1595 4536 ἵ
