3509 5175
616 435 910 578 [293]

238 668 366 774 Euge,
393 661 615 770 milbomol
646 663 798 770 (videor
824 662 931 743 enim
953 659 1207 746 Professorem
1224 661 1353 775 ipsum

176 798 263 908 jam
281 797 445 906 alloqui)
474 796 599 903 Euge,
624 795 803 906 inquam,
824 821 940 905 perge
958 822 1038 904 quo
1057 799 1207 907 coepisti
1225 799 1354 906 pedee

182 933 364 1016 scientiae¹
379 933 574 1017 thesauros
603 935 862 1024 accumulare,
891 933 1152 1014 accumulatoa
1169 960 1353 1031 commu.-

182 1069 315 1146 nicare
344 1066 454 1160 velle,
484 1065 529 1144 fit
558 1063 680 1148 isthoc
710 1064 933 1145 ambitionis
964 1081 1039 1144 tuae
1067 1065 1216 1147 crimen
1246 1067 1351 1147 invi-

184 1201 387 1311 dendum:
433 1225 505 1308 pro
534 1199 711 1278 mercede
741 1199 897 1280 interim
928 1199 999 1277 erit
1026 1200 1141 1280 tacita
1161 1201 1366 1282 bonorum

184 1335 368 1414 omnium
388 1331 612 1441 approbatio
631 1334 670 1414 dc
690 1333 790 1412 redte
808 1331 1001 1412 factorum
1020 1334 1267 1415 conscientia.

240 1471 387 1550 Videre
409 1471 492 1578 jain
513 1469 641 1548 videor
660 1469 863 1553 Praesulem
885 1469 991 1549 hunc
1020 1471 1193 1551 nostrum
1211 1472 1252 1549 in
1273 1469 1353 1550 Ca·

186 1601 327 1682 thedra
343 1602 407 1682 sua
422 1601 700 1692 Cantuarienli,
718 1601 878 1682 velutin
893 1601 1045 1710 specula
1056 1602 1227 1696 sublimi,
1248 1621 1355 1683 tran-

186 1733 311 1844 quilla
328 1733 498 1842 quadam
516 1730 756 1814 solicitudine
776 1732 824 1812 de
845 1732 997 1814 summa
1015 1761 1144 1814 rerum
1161 1733 1367 1814 consulen-'

186 1889 303 1964 tem3
342 1869 486 1978 singula
513 1869 899 1977 circumspicientem,
939 1872 1220 1978 explorantem,
1258 1870 1355 1949 diri·

187 2017 362 2106 gentem.
390 1997 480 2100 Jure
501 1993 744 2080 mirerisxhac
762 1996 804 2076 in
822 2014 929 2104 parte
943 1998 1131 2077 Hominis
1149 1996 1358 2106 providen-

186 2135 288 2214 tiam
305 2134 345 2212 δι
362 2133 708 2242 perspicacitatem,
736 2129 784 2210 ad
809 2131 1059 2212 remotiffirna
1087 2160 1250 2242 quaeque
1266 2161 1357 2242 per·
1402 2172 1406 2178 ⁴

187 2265 395 2346 vadentem
406 2300 420 2358 ;
457 2263 684 2346 industriam
716 2263 757 2344 in
790 2263 1051 2372 investigando
1082 2292 1208 2345 acrem
1239 2285 1358 2374 atque

188 2395 438 2489 indefessam
468 2397 509 2475 in
530 2395 795 2504 cognoscendo
813 2391 1006 2476 solertiam
1019 2431 1031 2489 t
1058 2397 1101 2474 in
1128 2396 1361 2504 ignoscendo

187 2526 496 2635 benignitatem
539 2527 579 2605 iu
608 2543 691 2607 toto
709 2527 871 2608 demum
894 2510 1264 2621 administrationum
1284 2527 1357 2609 de-

188 2663 304 2745 cursu
323 2664 483 2745 Pietatis
500 2663 613 2743 fimul
632 2664 671 2742 dc
688 2662 904 2743 Prudentia
922 2664 1076 2743 laudern
1092 2663 1339 2771 singularem.

241 2796 381 2903 Qum
410 2816 521 2880 antea
552 2795 594 2876 in
626 2797 836 2877 Oxonienfi
861 2797 1059 2889 institerat,
1087 2797 1289 2903 eandemj

189 2932 230 3009 in
247 2928 419 3011 Dioecefi
439 2930 701 3011 Cantuariensr
720 2931 786 3010 sua
802 2929 1087 3039 ingrediebatur
1107 2929 1236 3021 viam;
1267 2929 1358 3037 dig·
1443 3012 1451 3025 ‚

187 3079 306 3145 natus
324 3090 396 3171 pro
415 3090 524 3144 more
541 3063 704 3174 pristino
722 3063 895 3172 Synodos
909 3062 1125 3153 celebrare3
1154 3062 1358 3171 regionem
1374 3169 1377 3173 Ι

188 3228 274 3283 non
289 3198 486 3283 itineribus
500 3202 633 3294 modo,
652 3201 713 3281 sed
729 3202 845 3282 etiarn
858 3200 1118 3293 internuntiis,
1132 3226 1333 3309 peragrare
1342 3234 1359 3293 ς
1426 3254 1430 3261 ·

189 3334 244 3429 bt,
266 3358 508 3444 quacunque
527 3335 575 3415 ad
596 3360 678 3414 rern
697 3333 888 3449 Clericam
907 3332 1163 3443 pertinebant,
1183 3330 1360 3413 animad-

190 3489 356 3567 vertere,
375 3488 442 3552 aut
459 3470 771 3553 sciscitationibus
788 3471 1015 3579 exquirere3
1044 3468 1253 3551 ministerio
1271 3467 1363 3550 usur

191 3623 285 3689 tum
303 3607 371 3689 suo
390 3626 477 3691 turn
496 3608 622 3691 alieno
631 3644 644 3701 3
674 3627 788 3718 atque
808 3608 905 3689 adeo
921 3609 1068 3689 curavit
1087 3606 1232 3700 absens,
1259 3602 1364 3717 prae·-

190 3743 277 3825 sene
308 3760 354 3823 ut
381 3742 482 3837 effer,
520 3743 665 3853 lingula
694 3742 831 3853 pafiim
860 3742 1095 3851 exquireret,
1128 3758 1291 3834 notaret,
1318 3744 1361 3821 dc

190 3896 386 3986 tanquam
404 3877 446 3957 in
461 3877 495 3957 F
496 3874 591 3957 astos
610 3877 822 3985 redigeret:
865 3878 921 3956 ita
941 3876 1004 3955 llli
1024 3904 1073 3956 ex
1092 3874 1166 3956 hac
1187 3874 1359 3984 disquifi·
1482 3880 1485 3889 '

192 4005 304 4087 tione
322 4006 470 4085 notitia
488 4004 703 4087 Paroecialis
732 4007 901 4115 Systema
920 4003 1198 4087 conficiebatur
1215 4000 1359 4113 plenis-

193 4138 367 4233 limutm
394 4137 434 4217 dc
451 4164 501 4219 ex
519 4136 594 4221 hoc
614 4136 781 4223 Historia
801 4137 979 4246 quaedam
999 4131 1256 4225 Provincialis,
1286 4160 1359 4213 cu·

187 4274 258 4383 jus
289 4271 334 4353 iu
363 4270 621 4355 successorum
652 4298 788 4353 manus
817 4292 860 4351 ut
877 4269 1040 4353 thesauri
1059 4266 1361 4354 desideratiflimi

195 4400 410 4519 aliquande
423 4398 623 4491 haereditas
641 4418 723 4486 erat
740 4399 959 4491 derivanda.

1252 4512 1362 4621 Qid
