3509 5175
647 426 672 567 l
746 465 841 560 177
916 427 939 567 ]

210 656 353 767 quibua
374 655 528 765 legibus
556 652 788 737 definitam?
824 652 949 764 quid?
986 650 1166 770 ἅνθρωποι,
1198 653 1384 772 ἀνθρώπων

206 802 354 877 &c.···-
373 797 522 905 Ecquis
551 796 688 875 eadem
717 797 759 875 in
789 784 885 875 voce
914 794 1033 901 talem
1060 798 1382 903 pronuntiationis

207 920 615 1039 discordiam'tolerari
634 928 795 1040 potuisse
813 929 1030 1023 crediderit,
1059 930 1112 1023 δι,
1142 930 1211 1010 ubi
1238 958 1304 1039 par
1334 958 1382 1009 u-

208 1074 383 1181 triusque
402 1071 455 1150 est
471 1072 588 1163 ratio,
601 1056 721 1149 talem
734 1070 964 1173 evaporatur?
993 1068 1207 1176 Utcunque
1221 1070 1385 1154 demum
1495 1137 1500 1143 .

204 1207 256 1285 de
276 1207 434 1313 argutiis
453 1204 677 1310 hujusmodi
697 1203 889 1295 statueris,
920 1224 958 1282 at
986 1222 1092 1285 certe
1119 1203 1209 1285 nolo
1227 1224 1385 1313 propte·

207 1368 285 1432 rea,
318 1361 362 1421 ut
382 1341 493 1431 illud,
522 1339 628 1445 quud
646 1330 850 1420 immobile
870 1336 945 1419 esse
964 1337 1093 1430 debet,
1116 1338 1206 1419 loco
1226 1367 1386 1421 movea-

208 1497 300 1567 tur3
342 1477 447 1571 nolo,
470 1476 647 1583 inquam,
677 1474 907 1581 syllabarum
935 1475 1195 1583 quantitatem
1225 1478 1383 1561 mutari.

210 1610 339 1716 Siquis
369 1609 644 1689 vero-interim
677 1608 804 1715 ‘apices
832 1606 934 1699 istos,
964 1627 1007 1687 ut
1026 1607 1242 1715 scriptionis
1271 1636 1387 1689 orna·

209 1766 360 1842 menta,
387 1767 454 1827 aut
473 1740 679 1855 disciplinae
697 1745 859 1852 alicujus
887 1744 991 1825 utilis
1019 1745 1299 1840 instrumenta,.
1316 1748 1387 1828 ad-

209 1879 287 1959 huc
309 1879 530 1967 retinendos
548 1896 674 1988 putet,
695 1876 798 1958 haud
813 1878 899 1958 sane
917 1904 1087 1987 repugno
1098 1914 1111 1970 3
1142 1880 1262 1961 modo
1280 1881 1388 1963 idem

211 2018 326 2100 srmul
345 2020 385 2099 sit
402 2019 642 2127 Qantitatis
662 2034 773 2101 notat
794 2018 952 2098 vocibus
983 2018 1087 2125 affigi
1115 2037 1249 2099 curet:
1280 2021 1388 2129 quod

211 2148 384 2256 ipsumsi
409 2148 560 2239 fecerit,
588 2148 718 2229 nullus
747 2147 899 2240 dubito,
929 2149 1022 2256 quin
1051 2148 1266 2255 postmodo,
1290 2178 1389 2234 -cum
1467 2202 1470 2205 -

211 2288 498 2396 pronuntiantis
518 2312 654 2365 vocem
674 2286 716 2365 in
736 2286 881 2364 diversa
899 2285 1010 2365 fimul
1036 2287 1076 2365 δε
1102 2288 1293 2366 contraria
1311 2288 1388 2371 dis-

213 2416 316 2495 trahi
334 2414 500 2507 senserit,
514 2440 605 2521 ‘prae
623 2414 814 2521 perplexis
834 2413 925 2493 haec·
938 2414 1123 2520 simplicia
1142 2414 1281 2506 nostra,
1310 2443 1388 2524 prae

212 2551 374 2632 incertis-
382 2567 485 2629 certa
500 2546 766 2653 amplectatur,
795 2547 834 2627 st
853 2547 1214 2630 Grammaticorum
1237 2548 1285 2632 de
1304 2551 1388 2630 Ac-

214 2688 387 2771 centibut
408 2687 680 2795 praeceptiones
700 2685 872 2794 operosas
900 2684 1005 2764 haud
1034 2687 1178 2766 invitus
1206 2686 1396 2772 dediscat.-

214 2827 333 2931 Qod
350 2823 529 2933 superest,
549 2823 735 2930 quoniam
754 2820 827 2901 hac
847 2822 885 2900 in
903 2841 1010 2932 parte
1024 2824 1387 2914 discentiumcom·

215 2958 853 3070 modispraecipueeonsulendum
874 2979 986 3068 puto,
1005 2959 1306 3069 Lexicographis
1323 2961 1388 3044 su·

216 3100 308 3178 turis
325 3097 368 3176 id
386 3097 534 3201 negotii
550 3095 826 3174 commendare
840 3096 968 3187 liceat,
997 3113 1053 3187 ut,
1083 3097 1189 3203 quod
1209 3098 1250 3176 in
1268 3098 1387 3184 Lati-

215 3235 268 3311 nis
286 3230 521 3338 quibusdam
540 3228 690 3310 fastum
706 3229 851 3322 vident,
881 3229 919 3308 id
940 3229 1066 3338 ipsum
1086 3231 1125 3308 in
1149 3229 1294 3312 Graecis
1313 3233 1385 3312 ali-

217 3371 373 3479 quando
405 3360 613 3477 prestent3
657 3387 702 3446 ut
730 3367 886 3459 scilicet,
916 3367 1157 3448 literatorum
1190 3368 1316 3476 operis
1343 3368 1386 3449 in

216 3505 317 3585 hanc
338 3485 421 3583 rem
438 3503 587 3582 collatis
608 3504 741 3609 adjuti,
764 3503 996 3611 quolibet-in
1018 3503 1204 3585 vocabulo
1222 3503 1388 3613 syllaba·

218 3670 302 3720 rum
368 3640 593 3742 uantitatem
614 3637 775 3718 dubiam
798 3638 938 3718 notulis
957 3639 1185 3747 quibusdam
1199 3641 1386 3749 inscriptis
1432 3629 1435 3637 ⁵

218 3773 416 3856 definitam
437 3759 675 3852 exhibeant·
697 3771 760 3851 ¹Ita
780 3768 847 3847 fiet
863 3786 905 3848 ut
920 3769 1030 3876 Tyro
1043 3769 1177 3853 noster,
1186 3770 1233 3850 ad
1253 3772 1387 3852 Merra

218 3905 468 4014 intelligenda
486 3901 686 4011 aliquanto
707 3902 874 4009 paratior
893 3881 1061 3991 accedat
1091 3902 1130 3980 δι
1150 3901 1192 3978 in
1211 3929 1385 4010 pronun-

205 4031 349 4120 tiando
368 4038 477 4123 illam
498 4038 732 4151 regularum,
761 4064 847 4154 quae
865 4035 982 4144 vulgo
1008 4037 1247 4144 ingeruntur,
1277 4035 1386 4118 salla-

220 4164 323 4258 cium
341 4187 461 4286 opem
479 4176 609 4257 minus
631 4173 829 4255 defideret.
855 4201 860 4212 ·

664 4441 863 4520 Z
1299 4437 1443 4546 Age'
