3509 5175
772 415 1234 616 ⁸[304‘l

402 689 625 800 Republica
650 682 764 778 simul
791 695 832 776 sc
859 695 1030 780 Eoclefia
1056 696 1236 813 princeps
1266 699 1338 798 vir,
1377 703 1559 817 dignitatis

397 825 474 908 suae
491 827 724 911 conscientia
741 829 878 940 fretus,
897 835 985 944 plus
1000 837 1238 922 auctoritatis
1259 845 1342 925 Sibi
1360 845 1556 957 arrogasset,

398 957 608 1067 minusque
638 959 803 1068 dejure
832 961 902 1044 suo
931 967 1171 1121 temporibus
1191 973 1440 1068 concessisset,
1466 976 1581 1056 fuisit

282 1086 284 1091 ’
398 1095 528 1178 multo
546 1096 688 1178 melius
705 1099 817 1180 Bono
835 1102 1039 1183 communi
1070 1105 1316 1189 consultum:
1361 1108 1555 1220 Siquidem,

397 1230 574 1339 inquam,
594 1230 665 1311 Ille
684 1231 1038 1318 Ecclefiasticotum
1055 1215 1253 1349 Princeps,
1282 1239 1465 1350 Bonique
1483 1241 1556 1320 adeo

397 1362 512 1447 simul
530 1393 682 1462 omnes,
710 1397 784 1479 pro
802 1396 848 1450 ea
867 1398 945 1480 qua
962 1374 1091 1456 valent
1119 1375 1346 1456 auctoritate
1371 1379 1416 1454 uc
1442 1376 1581 1481 gratia,

396 1499 466 1582 sub
496 1501 618 1608 Regis
646 1502 872 1622 pientissimi
900 1503 1091 1630 auspiciis,
1119 1507 1194 1589 sese
1218 1509 1347 1619 palam
1374 1507 1419 1588 ur
1448 1500 1581 1616 ιιιιιι1

396 1634 619 1742 Religionis
643 1653 900 1746 contemptae
905 1639 945 1719 δι
965 1640 1115 1721 violatae
1135 1641 1306 1724 strenuos
1333 1641 1502 1722 vindices
1525 1639 1581 1727 st

395 1770 577 1886 satellites
606 1767 845 1877 objecissent,
876 1797 955 1852 non
981 1772 1067 1880 jam
1094 1774 1260 1883 amplius
1291 1800 1361 1882 per
1392 1769 1553 1850 omniun

398 1901 479 1986 sere
497 1799 708 1980 ιιοιιιιιιιιιιι
728 1903 913 1982 ordines'
902 1931 1064 2015 impune
1093 1903 1317 2014 grassaretur
1336 1902 1406 1981 illa
1424 1900 1581 2025 Ιιιιριι-ι

397 2035 492 2117 tatis
526 2033 662 2113 Bellua
688 2030 913 2144 CenticepS,
953 2035 1019 2118 sed
1046 2037 1206 2148 repressa
1236 2036 1370 2120 sensim
1401 2036 1551 2126 audacia,
1580 2074 1581 2143 ι

362 2254 367 2264 ι
397 2171 627 2278 impetuque
656 2165 794 2260 frasso,
824 2167 1027 2279 profligata
1057 2171 1338 2253 succumberet.
1379 2160 1581 2279 Turpio-s

396 2301 502 2382 dinis
524 2300 631 2378 enim
652 2298 769 2378 insitae
789 2299 974 2408 Impietas
993 2303 1121 2382 omnis
1145 2320 1280 2381 notam
1298 2303 1399 2408 gerit
1418 2296 1581 2415 impres-p

398 2429 493 2524 sam,
521 2431 561 2510 bc
591 2428 777 2508 vitiorum
806 2428 1082 2510 conscientiam
1102 2430 1226 2510 nescio
1254 2459 1340 2538 quae
1358 2428 1581 2511 Timiditas
1580 2466 1582 2622 ι

267 2660 270 2666 ι
398 2590 531 2643 comes
546 2559 706 2673 premit,
726 2559 1068 2642 veritatisadversae
1083 2561 1212 2643 lucem
1229 2561 1444 2671 refugiens·
1473 2559 1581 2684 ιιιιοιιι

398 2697 525 2805 ipsum
546 2696 670 2801 arguit
689 2692 753 2774 illa
773 2693 977 2775 Simulatio
995 2694 1068 2775 live
1088 2694 1351 2776 Diffimulatio
1371 2687 1581 2805 praetensa}

399 2833 550 2911 Omnes
583 2830 726 2937 itaque,
768 2830 836 2933 qui
869 2827 1064 2937 Religioni
1097 2829 1196 2909 bene
1229 2830 1415 2939 cupiunt,
1455 2826 1550 2908 veluti

399 2955 598 3077 classicum
618 2986 770 3053 canens,
791 2959 943 3054 hortor,
963 2978 1009 3041 ut
1028 2961 1250 3054 animostus,
1270 2962 1382 3041 omni
1402 2986 1475 3069 ope
1492 2958 1549 3038 llu-
1580 3035 1581 3086 ι

209 3102 211 3106 '
333 3166 336 3170 .
399 3098 556 3207 diuque,
571 3090 764 3204 ingruenti
780 3096 886 3176 malo
899 3119 1183 3207 oppugnatores
1199 3097 1236 3178 se
1251 3096 1464 3203 objiciant:
1481 3092 1550 3173 Ηοι
1580 3109 1581 3146 ³

303 3219 307 3225 ’
397 3234 548 3331 stesset,
573 3254 675 3315 certe
694 3234 864 3314 exularet
883 3234 950 3315 illa
968 3235 1209 3344 Reipublicae
1228 3234 1343 3343 pestis
1363 3235 1581 3336 ιιιιοιιιιιιι,ι

397 3368 464 3450 sua
483 3346 634 3473 legibus
657 3362 847 3443 constaret
871 3366 1087 3461 auctoritas,
1116 3368 1251 3476 pietati
1275 3364 1420 3461 honos,
1448 3323 1581 3498 οιιιιιιι

398 3498 666 3583 Ecclesiastico
705 3498 945 3589 reverentia,
1000 3527 1126 3607 neque
1164 3499 1411 3580 Americanis
1447 3469 1581 3579 forsan

399 3630 540 3711 deesset
554 3627 795 3709 Hierarchia
825 3625 898 3707 Me
912 3628 1073 3737 quidem
1086 3627 1448 3736 fateorsapientiam
1465 3626 1581 3730 illan

398 3766 626 3851 abnormem
645 3762 916 3845 &obsoletam
944 3766 1058 3861 tueri,
1089 3792 1176 3873 quae
1206 3764 1321 3843 unice
1349 3766 1452 3844 reeta
1478 3792 1547 3874 pto-

397 3900 578 4012 grediens
598 3896 658 3975 via
678 3892 876 3975 deflestere
895 3896 935 3975 bt
951 3892 1186 4005 temporibus
1200 3892 1334 3975 servire
1349 3892 1467 3975 nescit
1477 3931 1488 3987 ι
1505 3914 1546 3973 at-

396 4062 474 4145 que
495 4032 592 4112 adeo
611 4022 709 4108 nihil
729 4028 835 4137 quod
856 4026 1064 4109 ¹desiderari
1091 4026 1227 4120 sentio,
1256 4022 1546 4109 dissimulandum

398 4187 509 4279 puto.
557 4164 721 4244 Interim
740 4163 873 4242 animo
893 4162 1104 4273 ancipitem
1128 4160 1325 4271 quandam
1348 4190 1481 4243 curam
1502 4164 1544 4243 in·

391 4300 604 4415 nessaeo,
626 4304 721 4381 aum
743 4300 847 4381 attus
862 4294 1052 4383 fortitudo
1070 4300 1288 4384 christiana
1302 4279 1448 4397 suadet,
1466 4301 1544 4384 ant

276 4513 280 4529 ,
399 4436 605 4551 prudentis
622 4434 771 4519 Civilis.
813 4434 856 4517 si
873 4436 940 4560 cui
958 4464 1050 4522 vcro
1069 4437 1199 4522 minus
1226 4438 1420 4551 culpabile
1439 4442 1541 4527 videa·

1496 4594 1541 4659 sut
