3509 5175
818 447 1015 599 [104
1084 462 1108 603 ]

371 678 622 767 undationem
639 683 711 767 nan'
721 685 911 796 qnaerimus
926 730 1038 755 ·-—
1054 686 1125 799 sed
1144 716 1206 772 nec
1223 690 1264 774 in
1283 694 1470 806 offensiones
1486 694 1541 777 in-

370 824 578 939 currimuce
621 852 678 904 ret
694 823 769 935 ipsa
780 824 899 935 potius
907 842 978 936 pro
988 826 1033 939 ste
1049 828 1222 938 loquatur.
1263 834 1427 932 Interim,
1445 864 1542 946 qnam

371 952 456 1035 aliis
472 953 572 1063 sape
592 955 778 1065 praecopio,
802 955 888 1066 stin·
914 958 1198 1044 exercitationem
1225 962 1321 1046 nolui
1345 964 1415 1074 ipse
1446 966 1544 1075 defu·

368 1116 456 1197 gere
468 1125 481 1183 ς
509 1117 588 1198 qua
609 1105 680 1198 pro
710 1118 752 1170 re
781 1094 871 1173 notd
898 1093 939 1174 in
965 1112 1110 1177 mentem
1137 1115 1310 1181 venerunt
1326 1099 1544 1209 cogitationes

372 1221 506 1303 calamo
523 1223 703 1321 exaravi,
731 1222 837 1305 libuit
853 1244 973 1339 nempe
990 1245 1114 1327 tecum,
1142 1230 1248 1312 letior
1264 1231 1432 1329 benevole,
1452 1252 1544 1343 pau·

298 1474 302 1481 .
373 1354 427 1435 cis
441 1352 657 1461 proludere:
695 1371 738 1436 at
752 1355 872 1462 sentio
891 1360 1098 1469 prolufiones
1124 1366 1257 1477 nostrat
1278 1365 1320 1447 in
1349 1365 1460 1447 latius
1486 1395 1544 1449 ex·

374 1488 519 1601 creviffl
551 1486 657 1598 quim
691 1489 849 1601 inssituti
881 1492 977 1572 ratio
1003 1496 1208 1604 postulavit,
1246 1496 1292 1579 (ὅ
1320 1524 1379 1619 eas
1398 1500 1544 1612 sortaffe

374 1624 562 1707 identidem
579 1624 686 1705 nimis
697 1622 914 1737 juveniliter
929 1623 1148 1725 exultantes,
1175 1625 1296 1736 facile
1321 1628 1468 1711 veniam
1486 1632 1544 1710 da-

375 1758 429 1840 bis
446 1756 566 1869 fiqnid
588 1757 695 1838 nimio
716 1755 882 1867 placendi
894 1755 1016 1865 studio
1028 1759 1155 1867 suerit
1170 1776 1366 1871 peccatum.
1425 1766 1544 1875 Scrip-

375 1897 509 1977 tionum
525 1910 619 1975 certe
642 1893 795 2003 exempla
823 1892 864 1973 in
890 1922 1020 2002 genere
1051 1896 1186 2002 diverso
1215 1899 1364 1982 rariora
1388 1898 1545 1981 exbiben-

376 2049 467 2136 tur3
489 2027 626 2138 scitum
642 2026 687 2135 est
705 2027 863 2137 periculo
878 2028 1010 2137 sapere
1037 2028 1160 2127 aliena,
1188 2031 1244 2111 ita
1267 2047 1308 2112 ut
1319 2030 1446 2142 siquid
1470 2035 1542 2114 lou·
1580 2136 1581 2149 ἵ

374 2163 491 2245 dabile
506 2162 688 2261 videatur,
707 2163 750 2245 id
771 2162 996 2286 adtet'rans
1014 2193 1105 2262 eras,
1121 2165 1243 2276 fiquid
1265 2194 1351 2246 vero
1364 2165 1482 2272 secus,
1510 2188 1545 2249 ut
1580 2164 1581 2221 ¹

375 2296 508 2379 devites
526 2295 659 2405 fidula.
928 2307 931 2311 ’

350 2533 353 2541 ¹
434 2433 577 2512 Interea
593 2465 642 2540 τῳ
659 2420 731 2511 dnn
750 2429 860 2541 mstro
877 2427 945 2510 hoc
962 2428 1003 2509 in
1018 2444 1131 2539 purte
1147 2454 1277 2510 mecum
1294 2456 1368 2535 nna
1387 2431 1545 2538 gratiam

379 2565 529 2663 habebis,
556 2563 647 2675 quod
669 2563 791 2674 aliqua
807 2561 942 2675 saltem
962 2564 1102 2646 tectione
1118 2564 1187 2645 tud
1198 2562 1378 2676 studioque
1396 2564 1545 2678 digniffi·

380 2729 439 2782 rna
455 2696 685 2807 indigitavit,
715 2724 793 2779 cum
810 2696 962 2778 aliorum
980 2695 1195 2808 quorundam
1213 2715 1378 2806 poemata
1402 2700 1443 2779 in
1462 2701 1544 2811 stob-

368 2839 500 2950 fidium
516 2839 631 2920 citata
641 2835 700 2945 ste
720 2835 941 2932 laudaverit,
973 2853 1014 2918 ut
1029 2837 1111 2945 suis
1127 2839 1270 2948 potiora
1297 2841 1543 2948 recognoverit.

380 2978 435 3055 Et
450 2971 544 3081 fiune
560 2971 659 3080 nesus
672 2970 778 3079 soret
795 2999 860 3051 non
876 2971 923 3054 &
939 2969 1032 3053 idlnd
1056 2972 1165 3052 etiam
1195 2973 1369 3078 accensere
1384 2989 1545 3082 nuperum

381 3109 431 3188 de
450 3106 743 3188 immortalitate
762 3105 917 3186 Animae
941 3130 1026 3184 vere
1043 3105 1320 3186 Lucretianum
1338 3101 1417 3209 five
1436 3103 1547 3211 potius

382 3240 643 3350 virgilianum
666 3254 800 3347 pmmn,
824 3236 946 3345 inquo
959 3233 1223 3346 sententiarum
1237 3233 1387 3356 pondus,
1416 3234 1461 3316 ὃ
1479 3234 1546 3316 die·

381 3374 484 3456 tionis
510 3374 669 3482 puritas,
702 3373 746 3453 Ei
773 3371 831 3452 vis
850 3371 988 3479 poetica
1021 3372 1201 3478 reperitur
1232 3385 1350 3464 tanta,
1387 3385 1546 3478 quantam

368 3508 459 3616 sere
475 3508 515 3588 in
533 3506 672 3588 ceteris
687 3500 939 3616 quibustunque
949 3501 1084 3611 hnop'eofise
1096 3502 1171 3584 aevi
1181 3501 1445 3612 poetissrustra
1461 3529 1546 3612 qna·

371 3643 501 3754 fierisc
528 3642 620 3726 illud
632 3661 726 3725 certe
741 3640 868 3753 effecit,
885 3657 927 3721 ut
936 3642 1157 3750 pruohrum
1174 3639 1272 3721 illum
1284 3657 1424 3752 poetam
1438 3639 1547 3720 Anti·

385 3773 665 3856 Lucretianum
683 3789 759 3852 tam
776 3770 914 3878 ingenio
931 3797 1036 3882 quum
1064 3767 1240 3880 dignitate
1267 3769 1547 3880 eminenttffmun

379 3906 517 3991 Gallia
533 3903 676 3987 minime
690 3904 920 4000 invideamus.
1578 3975 1579 3982 t

438 4038 613 4143 Postrerm
629 4040 721 4148 quod
734 4040 786 4120 nd
811 4043 890 4124 hac
910 4059 1137 4147 Monnnpuru
1162 4037 1294 4120 attinet
1308 4081 1421 4102 -
1437 4039 1547 4122 nollem

381 4172 538 4291 equidem
566 4191 608 4256 ut
631 4171 701 4254 tibi
726 4173 858 4282 legenti
877 4176 1062 4283 placerent
1082 4171 1230 4282 perinde
1255 4185 1296 4253 ut
1314 4170 1404 4254 mihi
1420 4199 1486 4254 non
1502 4170 1548 4249 itu

376 4302 524 4417 pridem
547 4307 788 4414 placuerunt3
815 4304 901 4416 quia
918 4309 1040 4399 nollem
1062 4305 1179 4392 animo
1195 4303 1356 4390 accidere
1370 4299 1548 4410 tuoagd-

1408 4437 1547 4523 tudinem
