3509 5175
660 403 667 419 ’
823 381 854 550 l
927 414 1117 557 '19'2l

434 638 618 753 Propino;
646 636 687 720 ot
704 637 908 771 applorans
926 640 1091 725 minotio
1220 637 1250 664 ’“
1359 590 1362 597 γ
1391 621 1394 633 ’

355 851 358 858 ·
491 812 585 917 Jura
606 836 748 919 queror
764 809 905 893 violata
924 800 1061 893 Cleri:

383 982 469 1063 Aut
487 978 589 1061 forte
606 940 708 1059 letto
725 979 830 1089 quod
851 980 1015 1063 tacitum
1037 981 1149 1089 juver
1202 934 1207 941 ¹

384 1148 509 1233 Domi
526 1146 716 1231 relidens:
744 1147 811 1229 hic
829 1146 981 1259 placide
1002 1176 1090 1235 mea

438 1320 594 1402 Virtute
613 1344 677 1397 me
696 1314 863 1414 involvo,
879 1316 1076 1431 ‘fruorque

494 1486 688 1596 Alloquio
700 1486 817 1597 patris
835 1485 1057 1570 orthodoxi.

383 1659 505 1742 Nunc
523 1656 611 1737 lene
630 1656 773 1767 spirans
791 1684 882 1738 aura
899 1656 1062 1739 Favonii

384 1830 538 1910 Invitat.
551 1865 662 1891 -ι-
676 1827 714 1905 Ο
732 1828 819 1936 quis
839 1850 905 1906 me
923 1789 1043 1936 prope
1061 1824 1177 1911 litora

440 1996 599 2079 Marino
616 1996 728 2088 sistet,
758 1989 836 2103 quai
852 1991 1088 2077 frementem

436 2230 442 2243 .
494 2165 612 2246 Unda
632 2165 757 2274 quatit
775 2165 991 2245 decumana
1010 2165 1163 2273 ripam?

383 2334 584 2441 Jucondus
604 2330 741 2414 horror
760 2328 880 2443 quim
900 2330 1020 2412 dubio
1039 2330 1140 2413 mihi
1211 2347 1214 2352 ’

337 2502 340 2506 ’
387 2507 530 2588 Pavore
549 2503 670 2616 pulsat
689 2503 806 2582 corda
825 2498 1063 2608 reciprocans
1083 2500 1098 2579 i

441 2676 479 2754 Ο
499 2664 945 2782 ωτὺίἀυῐη,’Νερῐιιηο,
971 2669 1120 2765 ludens,
1216 2779 1220 2787 Ι

495 2843 629 2934 Parce,
659 2842 765 2951 gravi
786 2809 994 2922 metuende
1013 2838 1188 2950 sceptrol

386 3011 450 3093 Sic
469 2973 664 3093 follicanti
680 3009 843 3119 ingloria
862 3007 998 3090 defluit

387 3182 495 3262 AEtas
510 3228 566 3244 —
580 3201 633 3274 at,
663 3179 758 3261 olim
779 3177 903 3288 siquid
926 3177 1093 3259 amabile

442 3350 581 3461 Spiret,
611 3349 669 3430 vel
695 3349 830 3441 altum,
862 3368 900 3427 te
918 3346 1066 3430 sonabit

496 3520 614 3608 Musa
633 3520 744 3600 suum
763 3515 1100 3626 chprincipalem.
1204 3505 1209 3512 ¹

432 3841 530 3923 Haec
546 3868 620 3950 ego
635 3841 723 3934 tibi,
737 3839 1040 3953 chprorcipalis
1053 3841 1440 3951 magnificentiffirne,
1453 3845 1539 3950 jam·

387 3979 538 4062 dudum
557 3977 638 4061 voti
665 4003 751 4060 reus
778 3976 958 4086 promiffa
984 3979 1054 4060 lusi
1078 3980 1268 4067 carmina.
1314 3979 1454 4090 Neque
1472 3981 1541 4060 sane

386 4112 604 4221 quidquam
624 4111 748 4219 majus
766 4108 894 4191 habeo
917 4111 1170 4218 jocundiusve
1185 4139 1306 4222 quam
1325 4113 1366 4192 δε
1379 4112 1427 4191 de
1439 4111 1542 4192 Te&

386 4245 436 4330 ad
454 4242 517 4324 Te
536 4260 764 4354 properante
789 4243 888 4353 stylo
908 4243 1092 4337 scribere‚.
1112 4244 1301 4357 quicquid
1329 4262 1396 4326 aut
1422 4243 1541 4326 ridenti

386 4404 458 4506 aut
471 4379 758 4495 philosophanti
783 4384 826 4469 in
855 4402 1031 4474 mentem
1057 4385 1215 4469 venerit.
1263 4382 1429 4480 Verum,
1451 4365 1539 4494 qood

1458 4515 1539 4602 mihi
