3509 5175
819 405 1111 546 [252]

384 628 457 723 lui,
477 628 617 712 fuerim
632 629 816 713 assecutus
828 632 1062 740 judicabunt
1075 627 1252 712 homines
1270 630 1408 714 Critici
1418 672 1431 728 3
1456 659 1557 743 quo·

385 791 474 844 rum
494 763 644 844 fortasse
663 766 860 846 censuram
879 767 1015 846 videor
1041 763 1143 844 mihi
1170 761 1276 844 haud
1303 764 1443 846 frustra
1466 791 1556 872 pro-

385 900 543 994 vocasse,
572 903 641 1010 qui
660 903 738 1009 ipse
757 904 882 984 nescio
901 905 1100 1011 quomodo
1120 903 1193 984 hac
1214 905 1255 983 in
1274 904 1447 1013 Epistola
1468 901 1557 981 Cri-

386 1038 456 1116 tici
469 1037 669 1145 personam
684 1039 893 1118 induerim.
922 1041 1016 1128 Erat
1031 1039 1193 1148 quidem
1207 1040 1272 1135 illa
1287 1040 1335 1119 ad
1347 1039 1440 1144 Joh.
1460 1037 1557 1117 Gul.

386 1173 591 1256 Thomson
620 1177 704 1282 jam
738 1177 834 1256 olim
867 1178 1026 1287 scripta,
1057 1178 1245 1284 juvenem
1278 1177 1557 1267 doetiffimum,

293 1397 296 1402 .
385 1333 504 1425 gente
521 1314 736 1407 Boruffum,
765 1316 805 1394 in
821 1317 942 1412 literis
962 1315 1107 1396 Graecis
1126 1317 1166 1394 tr
1184 1313 1428 1424 philosophia
1457 1339 1555 1423 prae·

272 1530 276 1538 .
386 1449 715 1560 cipue'Platouica
734 1449 1052 1552 versatiffimum;
1084 1450 1166 1558 qui,
1188 1479 1279 1530 cum
1293 1447 1453 1528 hortatu
1473 1470 1558 1525 mco

385 1582 727 1672 Academicorum,
756 1607 925 1688 quorum
945 1580 1071 1666 ordini
1091 1579 1216 1662 fuerat
1242 1580 1439 1688 ascriptus,
1470 1605 1557 1688 gra·

386 1719 483 1805 tiam
502 1734 613 1826 opere
634 1712 805 1819 quodam
824 1712 982 1819 publico
1001 1711 1191 1793 demereri
1211 1713 1392 1830 studeret,
1427 1713 1559 1792 Plato·

386 1853 448 1965 nia
466 1843 753 1935 Parmenidem,
782 1846 852 1950 qui
871 1844 1046 1952 dialogos
1065 1845 1166 1926 inter
1185 1873 1322 1924 omnes
1341 1864 1560 1962 ooaoyara

387 2023 442 2074 τος
455 1986 684 2076 habebatur,
704 1982 902 2063 edendum
921 2001 1037 2094 atque
1053 1985 1321 2066 illustrandum
1336 1985 1559 2094 susceperat.

387 2120 522 2230 Atque
541 2121 573 2200 ie
592 2119 702 2210 adeo,
730 2143 822 2196 cum
851 2145 922 2226 pro
939 2117 1107 2226 specioso
1126 2119 1335 2202 Editorum
1357 2145 1474 2200 more
1492 2147 1560 2198 an·

387 2259 608 2338 notationes
628 2254 829 2336 adornaret
848 2255 963 2363 paulo
987 2257 1231 2363 operosiorem
1260 2256 1308 2338 ad
1336 2255 1560 2336 eruditionis

385 2399 463 2481 suae
496 2394 653 2475 infinita
683 2393 978 2474 ostentationem
1009 2397 1133 2504 magis
1162 2423 1280 2503 quam
1309 2396 1356 2474 ad
1387 2395 1561 2474 Ledloris

387 2534 560 2646 imperiti
588 2532 858 2640 adjumentum
886 2550 1140 2642 comparatas,
1169 2535 1208 2615 dc
1235 2533 1256 2614 ὲ
1283 2534 1410 2614 Codd.
1442 2535 1559 2615 MSS.

388 2673 537 2753 Graecis
556 2671 726 2764 ineditis,
754 2671 1090 2779 &antiquitatum
1110 2670 1470 2781 philosophicarum
1496 2702 1559 2751 ru·

388 2810 544 2889 cleribus
563 2807 768 2887 materiem
785 2828 935 2889 erueret
957 2808 1158 2917 pretiosam
1181 2808 1344 2901 sortasse,
1374 2828 1415 2888 at
1431 2808 1561 2889 hercle

390 2974 470 3027 nou
488 2946 710 3053 explicitam
726 2945 827 3039 satis,
857 2965 923 3027 aut
943 2948 1070 3055 captui
1090 2948 1426 3027 accommodatam
1448 2975 1559 3037 meo;

389 3081 491 3186 Ego,
520 3077 589 3186 qui
608 3105 673 3157 me
691 3105 714 3156 e
733 3076 865 3157 multis
886 3104 1008 3158 unum
1022 3081 1224 3187 &prorsus
1243 3110 1384 3182 αμυητον
1402 3076 1559 3184 profite-

390 3216 478 3311 bar,
493 3213 624 3321 rogavi
641 3213 799 3293 tandem
819 3232 860 3293 ut
880 3247 1092 3327 angrapara
1111 3214 1192 3295 haec
1210 3245 1386 3322 εσωτεμκω
1404 3214 1447 3293 bc
1467 3214 1561 3321 dog-

389 3366 497 3438 mata
514 3330 711 3425 rccondita
727 3345 965 3453 populariter
978 3346 1087 3425 nobis
1105 3346 1272 3454 expolita
1291 3344 1413 3435 daret,
1446 3363 1560 3453 atque

390 3478 611 3557 obscuritati
630 3476 724 3556 huic
742 3476 877 3556 nostre
897 3477 1055 3587 aliquod
1083 3477 1180 3557 lucis
1203 3475 1431 3555 affunderet.
1484 3480 1558 3555 At·

391 3640 470 3720 que
489 3612 583 3692 adeo
601 3611 688 3707 hac,
718 3642 838 3721 quam
857 3614 977 3707 vides,
1006 3613 1163 3721 epistola
1180 3612 1385 3693 hominem
1404 3612 1557 3720 aggres·
1591 3628 1592 3705 j

332 3781 335 3797 =
389 3742 464 3854 sus,
481 3739 652 3821 stimulos
676 3740 838 3835 subdidi,
871 3740 913 3819 bc
942 3767 1039 3849 pene
1067 3739 1244 3820 convitiis
1271 3742 1493 3848 provocavi,
1522 3758 1558 3821 ut
1591 3718 1592 3807 l

390 3866 644 3980 philosophia
658 3867 865 3949 Platonicae
881 3868 1104 3953 subtilitates
1124 3868 1557 3980 metaphyfico-theolo·

389 4004 494 4109 gicas
513 3998 769 4081 dissertatione
787 4002 955 4106 quadam
976 4001 1163 4110 praemissa
1190 4000 1308 4091 fusius
1339 4002 1556 4110 explicaret,

391 4136 432 4213 ἂ
450 4131 714 4214 Parmenideae
733 4133 893 4214 demum
911 4133 1070 4244 hujusce
1089 4136 1137 4215 de
1163 4134 1264 4223 ldeis
1284 4135 1469 4215 doctrinae
1488 4137 1555 4245 sys-

390 4284 499 4348 tema
527 4252 724 4375 integrum
749 4266 961 4349 exhiberet.
1007 4267 1052 4359 Id
1073 4269 1178 4377 quod
1197 4266 1292 4349 fecit
1312 4269 1474 4363 sedulo;
1503 4290 1554 4351 at-

380 4432 467 4524 que
484 4400 591 4484 vobis
610 4401 890 4512 Prolegomena
908 4403 1115 4493 elaboravit
1131 4406 1208 4499 sua,
1228 4401 1416 4487 industria
1428 4408 1555 4515 fingo·

1474 4530 1553 4613 laris
1590 4602 1591 4627 ,
