3509 5175
622 446 682 587 Α[
756 452 946 592 1⁶³]

210 676 481 761 &animorum
501 676 626 756 aciem
646 677 890 789 detorquetis.
945 676 1052 783 Qid
1067 677 1174 757 enim
1191 676 1294 759 aliud
1313 674 1376 756 ef*

208 812 287 895 ficit
305 810 389 893 haec
407 810 617 920 disciplina,
640 841 759 922 quam
779 833 823 894 ut
837 812 1023 925 prodeant
1042 814 1120 892 non
1140 830 1221 891 tam
1235 808 1375 905 Graeci,

209 976 324 1057 quarn
351 949 606 1057 interpretum
630 947 854 1029 Latinorum
873 950 1113 1059 interpretes,
1142 966 1258 1054 atque
1279 946 1375 1023 adeo

209 1080 329 1160 mult'a
348 1077 594 1187 intelligendo
615 1078 713 1159 nihil
732 1081 963 1187 intelligant.
1367 1090 1370 1097 ‘

258 1212 401 1321 Qidr
430 1214 533 1322 quod
553 1216 600 1296 de
615 1215 757 1295 Graecae
775 1200 916 1323 linguae
937 1213 1097 1295 artificio
1115 1212 1308 1319 fingulari,
1328 1190 1377 1291 de

210 1352 484 1434 particularum
492 1354 664 1460 argutiis,
676 1356 860 1461 variisque
876 1354 1163 1433 Idiotismorum
1178 1348 1377 1457 elegantiis

203 1488 280 1596 jam
299 1488 397 1571 olim
417 1485 439 1567 i
455 1487 613 1568 summis
629 1489 715 1568 viris
726 1488 976 1598 praedicatum
989 1480 1218 1595 accepimus,
1237 1487 1276 1563 id
1288 1514 1378 1565 om·
1425 1476 1429 1485 ’

209 1650 266 1720 ne,
293 1622 402 1731 quod
420 1607 542 1703 sentio
561 1648 680 1731 quam
698 1622 874 1703 latisl'rme
893 1642 1035 1732 pateat,
1064 1623 1169 1701 idem
1188 1619 1309 1698 sentio
1324 1620 1376 1699 'iri

209 1754 452 1835 Versronibus
471 1753 599 1835 vestris
623 1752 797 1833 exhiberi
826 1784 905 1835 non
941 1754 1056 1864 posse,
1085 1752 1148 1831 sed
1173 1751 1286 1830 altius
1305 1750 1377 1828 effe

210 1888 439 1996 petendum,
481 1888 521 1965 δε
559 1886 662 1995 quasr
700 1886 837 1965 mediis
870 1914 920 1965 ex
950 1882 1113 1968 Athenis
1145 1884 1374 1963 eruendum·

210 2024 418 2127 Qrerimur
436 2022 602 2130 denique
621 2021 695 2101 hac
714 2022 845 2102 fraude
859 2023 1010 2102 lenonia
1021 2022 1138 2101 vestra
1159 2018 1375 2098 adolescen:

211 2154 309 2234 tibus
327 2152 551 2233 industriam
571 2154 790 2260 corrumpi;
819 2154 874 2232 ita
894 2172 935 2233 ut
956 2179 1032 2231 non
1055 2153 1139 2259 jam
1168 2150 1313 2230 Lexlca
1332 2176 1375 2226 e-

210 2287 369 2383 volvere,
399 2304 443 2367 ut
473 2284 570 2365 nihil
605 2286 673 2393 ipsi
698 2287 920 2366 meditando
941 2284 1164 2379 extundere,
1199 2282 1298 2362 nihil
1327 2280 1376 2360 de

211 2426 271 2506 suo
290 2449 469 2537 promere
489 2444 553 2503 aut
571 2423 778 2503 recondere
796 2422 1122 2519 studeant,-·-sed
1136 2420 1249 2527 longe
1263 2417 1375 2498 satius

211 2552 373 2637 habeant
390 2553 517 2635 labore
539 2554 661 2635 alieno
679 2550 806 2663 sapere
820 2582 939 2664 quam
955 2548 1247 2660 suo,--·iugenii
1264 2548 1375 2628 alieni

211 2715 309 2798 opes,
341 2708 525 2797 tanquam
557 2687 817 2769 haereditatem
837 2718 860 2768 a
879 2669 1028 2799 proavis
1049 2687 1234 2778 relidam,
1263 2683 1374 2764 inva-

211 2827 306 2920 dere,
329 2825 659 2919 dist'rahere,-&,
680 2827 866 2936 quicquid
884 2827 931 2906 ad
947 2854 1107 2906 manum
1126 2823 1292 2934 parabile
1307 2839 1373 2902 ac-'

210 2956 355 3049 ciderit,
373 2945 528 3035 ⁴temere
546 2957 781 3064 arripientes,
811 2957 909 3036 nihil
931 2958 1027 3038 ultra
1046 2983 1209 3064 quaerere
1227 2959 1266 3036 dc
1283 2957 1375 3036 alla-

212 3085 349 3170 borare.
396 3087 537 3167 Videte
563 3087 657 3168 adeo
683 3090 776 3197 quid
804 3092 981 3198 praeclara
1008 3091 1238 3200 compendia
1256 3091 1374 3169 vestra

212 3221 439 3304 effecerint!
489 3242 643 3331 propter
675 3223 954 3306 exercitationis
987 3227 1275 3306 desuetudinem
1304 3228 1374 3305 de*

213 3353 381 3437 bilitatur
411 3355 558 3463 ingenii
589 3356 657 3447 vis,
686 3357 726 3435 de
755 3355 959 3438 hebetatur
988 3385 1175 3437 acumen:
1209 3357 1372 3438 scientiae

212 3471 447 3571 incremento
474 3488 589 3568 obest
608 3490 686 3598 ipsa
709 3489 880 3571 'discendi
911 3493 1040 3572 nimia
1062 3491 1233 3586 facilitas,
1261 3493 1374 3602 copia

214 3623 333 3703 reddit
351 3624 513 3732 inopes,
528 3625 568 3702 de
588 3650 737 3703 moram
756 3625 856 3733 parit
874 3625 1064 3704 festinatio
1080 3659 1091 3715 ;
1121 3624 1262 3734 species
1281 3623 1374 3706 resti

214 3752 383 3835 incautos
410 3755 566 3863 decipit,
594 3755 634 3833 dr
665 3785 738 3865 pro
769 3758 881 3838 rebus
911 3759 998 3867 ipfis
1022 3760 1151 3838 inanes
1171 3779 1375 3867 captantur

214 3889 367 3972 umbrae.
422 3889 556 4000 Itaque
583 3919 675 4001 ergo
692 3913 773 3974 tam
792 3891 905 4003 pauci
922 3895 1060 4003 linguae
1077 3875 1233 4012 Graecae,
1266 3896 1373 4008 cujus

214 4025 378 4108 studium
396 4037 473 4138 prae
489 4029 525 4110 se
544 4029 687 4126 ferunt,
707 4032 883 4147 peritiam
900 4049 1013 4144 atque
1031 4029 1289 4143 do'gnitioner'n
1308 4038 1371 4115 in·

213 4163 345 4244 rimam
375 4163 464 4249 sunt
492 4163 659 4247 affecuri.
717 4162 879 4276 Ecquod
909 4167 1002 4249 huic
1031 4163 1135 4249 malo
1155 4171 1372 4251 remedium

214 4295 382 4379 adhiberi
395 4299 531 4409 cupis?
550 4301 611 4382 sac
624 4302 728 4384 idem
743 4321 786 4382 ut
798 4303 955 4412 pristina
973 4306 1163 4412 majorum
1181 4308 1222 4385 in
1242 4304 1373 4386 studiis

214 4425 446 4514 instituendis
465 4433 648 4519 industria
666 4435 913 4529 resuscitetur,
932 4427 1351 4547 patientia'esrercitetur
1362 4475 1374 4529 ;

763 4570 853 4652 Xa
1331 4597 1373 4654 ut
