3509 5175
677 412 1063 590 [1³]-

210 642 320 745 cultu
337 638 547 735 divino-vel
566 640 807 767 collegiisui
824 645 990 767 negotiis
1006 644 1102 747 nullo
1119 677 1278 763 anquam
1292 664 1391 745 teor·⁴

163 874 164 877 a
206 794 300 889 We
313 794 384 880 att
401 774 733 891 crmmdrnsusm
748 798 819 885 aut
837 782 950 889 etium
966 783 1203 894 abstraxerit,
1230 800 1300 891 aot
1318 810 1390 876 vo·

211 908 337 1019 luptas
354 906 537 1009 avocarit,
564 931 635 995 aut
651 912 801 1024 denique
812 917 967 1026 somnus
991 917 1236 1022 rotarddritr
1276 917 1388 1025 cujus

212 1049 392 1133 voluntas
411 1068 528 1161 atque
547 1055 729 1137 autoritas
748 1055 790 1138 id
808 1054 946 1141 habuit
957 1060 1209 1170 praecipuum,
1237 1075 1282 1139 ut
1304 1058 1392 1165 pie-

214 1183 306 1265 tatis
338 1186 381 1266 δε
411 1185 610 1269 literarum
636 1186 761 1269 studia
788 1189 937 1271 foveret
970 1193 1090 1300 usque
1117 1193 1158 1271 bc
1188 1207 1389 1270 tueretur:

215 1324 325 1433 cujus
353 1325 516 1408 demum
544 1327 587 1409 in
615 1328 788 1410 moribus
810 1323 969 1439 privatis
988 1329 1090 1411 nihil
1104 1326 1392 1443 reprehenderit

216 1460 437 1571 quisquam,
466 1464 537 1544 nifi
554 1462 680 1545 forsan
699 1463 898 1575 idipsum,
927 1465 1033 1575 quod
1051 1454 1170 1546 etiam
1188 1462 1401 1556 amaverit,-

215 1590 378 1701 &quod
397 1592 439 1673 in
458 1595 649 1706 plerisque
667 1594 834 1677 habetur
850 1599 1040 1678 virtutum
1061 1596 1179 1677 instar
1195 1595 1391 1687 omnium,

218 1722 362 1835 ingenii
389 1752 469 1807 non
495 1728 702 1837 pertinacis
729 1726 979 1833 facilitatem,
1019 1733 1060 1827 bt
1090 1728 1393 1811 teneritudinem

218 1862 412 1968 quandam
435 1861 696 1973 benignitatis.
752 1840 849 1946 Scio'
869 1867 1018 1947 nullam
1046 1867 1118 1947 tibi
1146 1865 1277 1946 minus
1304 1864 1393 1973 pia·
1501 1894 1504 1901 ·

218 2018 314 2091 cere,
345 2023 466 2107 quam
483 2024 569 2107 quae
586 2000 636 2080 de
652 1998 824 2109 privatis,
849 2027 921 2080 nec
939 2001 1145 2109 gratiorem
1163 1998 1237 2079 effe
1256 1997 1392 2085 ullam,

220 2152 337 2235 quam
368 2157 454 2240 quae
485 2130 535 2212 de
562 2133 744 2214 Tuorum
774 2115 956 2212 laudibus
986 2132 1214 2225 instituitur,
1249 2128 1394 2210 oratio·

222 2290 342 2360 nem;
371 2292 509 2347 verum
527 2294 602 2377 ego
626 2268 802 2378 utrasque
827 2248 951 2348 sideo'
966 2268 1197 2376 cognatione
1225 2264 1402 2373 quadam'

221 2395 449 2478 meritorum
468 2397 563 2479 adeo
580 2400 684 2479 inter
704 2398 740 2479 se
759 2400 967 2494 devinctas,
988 2421 1033 2481 ut
1052 2399 1223 2479 Praetidis
1242 2398 1298 2479 sui
1316 2396 1393 2477 ho-

222 2556 328 2612 nores
357 2557 436 2612 non
464 2530 693 2616 inridendos
722 2532 878 2617 testetur
905 2536 986 2648 ipsa
1009 2534 1178 2644 Collegii
1202 2532 1393 2629 felicitasr

222 2659 351 2758 itaut,
379 2689 503 2774 qoam
521 2663 653 2746 sedulo
671 2666 795 2746 vitare
810 2663 961 2762 studes·
979 2667 1026 2748 ad
1054 2685 1093 2772 te
1124 2663 1302 2749 transsata
1331 2691 1394 2746 re-

223 2797 367 2880 dundet
393 2799 528 2909 gloria.
586 2798 649 2884 Te
678 2801 851 2910 quidem,
866 2802 1117 2912 ‘Digniffime
1146 2797 1299 2886 Praeses,
1327 2778 1396 2878 eo-

222 2928 307 3012 dem
327 2957 417 3040 ego,
445 2957 528 3043 quo
541 2933 623 3012 Tui
641 2959 792 3026 omnes,
811 2935 946 3014 animo
962 2934 1128 3028 intuens,
1148 2931 1202 3011 ita
1222 2927 1397 3038 alloquor

224 3081 264 3143 ut
289 3063 497 3146 Potentem
526 3063 771 3174 propitium
802 3064 1003 3166 ambitiosa
1029 3064 1298 3169 cncomiorum
1329 3087 1396 3142 or·

227 3218 403 3282 namenta
433 3227 507 3280 nec
535 3219 603 3280 tua
631 3200 815 3280 defiderat
845 3200 1009 3294 bonitas,
1038 3225 1165 3334 neque
1189 3195 1398 3297 meditator

227 3335 388 3442 genuina
404 3332 578 3420 ffliorum
605 3335 743 3446 pietas,
766 3335 998 3438 adulationis
1025 3334 1138 3442 juxta
1169 3356 1214 3410 ac
1247 3329 1399 3412 timoris

229 3474 367 3567 nescia,
410 3472 450 3551 bc
481 3469 640 3580 frigidas
674 3471 883 3551 verborum
914 3496 1043 3550 moras
1080 3467 1284 3547 antevertit
1317 3467 1400 3545 voti

230 3609 460 3722 properantis
488 3607 609 3688 ardor.
663 3607 796 3715 Qare
826 3606 948 3715 siquid
967 3633 1064 3685 verae
1089 3603 1216 3684 laudis
1237 3601 1398 3683 afferant

229 3741 389 3830 honestae
417 3771 486 3854 pro
513 3747 651 3856 capitis
683 3746 835 3855 pretiosr
866 3743 1137 3824 incolumitate
1171 3768 1317 3852 preces,
1360 3740 1402 3819 id

230 3903 341 3964 omne
360 3880 436 3962 tibi
452 3869 796 3961 cumulatiflimum
821 3877 988 3960 afferunt
1012 3877 1160 3957 nostrae.
1207 3873 1306 3956 Tibi
1333 3873 1397 3954 in·

232 4027 372 4122 tegram
398 4013 675 4108 valetudinem,
704 4010 935 4123 placideque
963 4007 1200 4090 decurrentis
1227 4005 1296 4085 aevi
1323 4000 1400 4082 ho·

232 4171 333 4232 nores
361 4147 569 4231 diutiffime
598 4147 795 4230 conservet
818 4143 952 4238 Deusr
994 4143 1034 4224 δι
1054 4141 1101 4222 ad
1120 4135 1399 4226 caeteravirtu-

233 4299 312 4369 tum
328 4304 484 4372 tuarum
502 4283 723 4369 testimonia
740 4285 821 4366 sero
841 4283 997 4366 accedat
1017 4277 1115 4362 illud
1142 4275 1256 4382 longe
1284 4270 1400 4350 tristi·

796 4420 828 4500 B
858 4445 881 4500 2
1230 4405 1398 4494 ffimum,
