3509 5175
510 511 515 516 -
640 413 665 556 l
738 453 833 549 305
908 414 934 557 l

195 655 263 728 tur
282 642 383 724 illud
402 642 506 750 quod
526 641 668 736 notavi,
698 644 846 752 integra
876 642 989 724 nobis
1018 646 1059 726 dc
1086 646 1186 727 salva
1211 675 1270 730 res
1295 649 1377 734 estg

197 781 268 860 Sin
288 783 412 873 secus,
442 807 526 888 quae
548 780 627 862 dixi
648 771 793 874 omnia,
824 781 1229 890 ita'intelligivelim,
1259 807 1303 867 ut
1330 789 1379 867 fi-

197 921 296 1030 quid
316 919 446 1000 minus
464 918 657 998 laudabile
675 918 926 1012 videatur,'id
947 945 1025 999 non
1045 921 1232 1004 Hominis
1253 927 1378 1007 confi-

197 1055 255 1132 lio
276 1070 342 1132 aut
359 1052 562 1142 voluntati,
578 1051 641 1129 sed
655 1053 903 1160 Temporum
923 1051 1120 1159 iniquitati
1140 1073 1209 1133 aut.
1222 1057 1382 1144 necessi-¹

199 1189 273 1268 tati
294 1188 451 1268 cuidam
469 1185 637 1268 Politicae
651 1185 861 1267 tribuatur.
877 1231 989 1266 -2-
1003 1186 1101 1267 Haec
1128 1210 1259 1270 autem
1284 1223 1314 1272 εν
1340 1226 1379 1306 qr

199 1315 336 1433 προδῷ.

257 1459 393 1540 Sentio
421 1459 604 1568 equidem
632 1457 706 1540 hac
735 1461 778 1541 in
806 1459 918 1575 causa
945 1459 1092 1540 dicenti
1123 1461 1279 1569 copiam
1298 1459 1380 1545 non

200 1595 340 1692 deesse,
370 1599 434 1680 sed
454 1598 621 1678 modum
640 1599 771 1705 potius
791 1599 832 1677 in
853 1598 1020 1679 dicendo
1041 1600 1163 1679 te'neri
1183 1620 1378 1708 oportere.

201 1727 278 1816 Sed
301 1754 512 1844 antequam
533 1763 696 1816 manum
717 1733 766 1816 de
791 1734 928 1846 ‘tabula
957 1736 1111 1844 penitus
1141 1736 1379 1838 subtraham,
1508 1827 1517 1842 ,

200 1871 390 1980 singulare
428 1873 617 1981 quiddam
657 1898 855 1952 occurrere
891 1872 1028 1966 sentio,
1072 1900 1202 1982 neque
1233 1891 1381 1958 temere

201 2007 516 2115 praetereundum
535 2032 664 2114 neque
684 2003 1082 2086 commemorandum
1093 2042 1105 2098 ς
1134 2033 1278 2115 nempe
1297 2009 1380 2090 fre-

202 2173 327 2254 quens
347 2146 443 2226 illud
469 2144 702 2234 officiorum,
731 2159 815 2222 tum
847 2140 1151 2222 sacerdotalium
1183 2161 1271 2224 tum
1300 2148 1381 2228 Ar·

201 2277 560 2388 chiepiscopalium,
590 2303 683 2358 cum
701 2276 904 2384 Majestate
923 2275 1050 2383 Regia
1077 2280 1376 2365 commercium.

202 2414 308 2496 Vide
324 2442 445 2525 quam
459 2399 592 2493 mullae
611 2439 685 2505 res,
706 2437 836 2519 eaeque
856 2411 1049 2492 momenti
1066 2413 1287 2519 gravissimi,
1309 2444 1381 2525 ge-

200 2577 307 2645 nere,
335 2551 439 2643 loco,
470 2543 785 2656 temporibusque
808 2542 1022 2651 disjuncte,
1050 2543 1091 2625 in
1123 2571 1246 2626 unum
1276 2549 1382 2656 quast
1521 2652 1526 2658 .

203 2666 382 2775 coierint,
412 2682 529 2763 unius
549 2680 590 2759 se
608 2677 775 2787 ejusdem
793 2674 966 2755 hominis
996 2677 1171 2783 auspiciis
1196 2680 1236 2759 sc
1259 2682 1382 2763 mini-

204 2818 319 2899 sterio
353 2813 629 2922 tranfigendae:
688 2812 743 2890 ita
779 2809 1016 2919 providente¹
1039 2811 1144 2905 Deo,
1188 2832 1252 2907 ut,
1296 2840 1383 2924 quae

205 2955 273 3033 Gn
287 2980 312 3031 o
325 2978 386 3032 no
401 2977 415 3029 1
430 2976 505 3034 uru
536 2947 735 3027 Infantem
761 2970 828 3053 per
848 2943 1046 3024 lavacrum
1065 2945 1386 3053 Regenerationis
1416 2957 1420 2972 “

206 3079 364 3165 Christo
399 3078 722 3167 consecraverat·
767 3075 905 3155 eadem
941 3101 1079 3153 manus
1114 3078 1268 3183 Regem
1301 3078 1387 3188 jam

203 3221 496 3327 inauguratum,
517 3212 750 3291 Diademate
773 3210 992 3319 caterisque
1024 3212 1139 3318 regiis
1169 3212 1385 3319 insignibus
1445 3272 1449 3277 -
1487 3196 1489 3200 ’

205 3368 406 3442 ornatum,
437 3344 619 3427 Ecclefiae
644 3346 684 3423 dc
715 3341 957 3451 Reipublicae
975 3341 1086 3419 Bono
1112 3343 1385 3436 consecraret,b

204 3532 262 3549 -
282 3502 406 3591 utque
441 3481 578 3563 eadem
618 3506 737 3590 porro
768 3480 956 3587 Conjugii
985 3478 1132 3559 foedere
1169 3479 1387 3561 inviolabili

206 3617 468 3725 conjunctum
487 3617 798 3695 Curarem
827 3612 899 3692 suae
920 3612 1162 3705 dedicaret‚‘
1189 3612 1385 3695 sobolem-

207 3778 287 3860 que
315 3748 493 3857 deinceps
528 3748 675 3856 regiam
709 3748 894 3857 regesque
926 3747 1078 3827 futuros
1109 3748 1387 3858 dBaptismate

207 3886 299 3967 Deo
316 3884 490 3969 similiter
505 3884 762 3963 consecraret!
798 3883 860 3959 En
880 3879 1269 3975 administrationum,
1290 3878 1387 3991 qua-

208 4016 293 4099 lem
326 4014 605 4096 antecessorum
639 4014 737 4093 nulli
766 4011 953 4093 hactenus
987 4039 1160 4121 unquam
1187 3987 1389 4120 contigisse

209 4154 410 4247 novimus,
439 4150 632 4234 honorem
652 4148 765 4260 plane
785 4148 1068 4231 invidendum!
1111 4150 1178 4236 En
1197 4148 1308 4230 simul
1329 4150 1388 4231 se·

302 4401 535 4485 aA.D.1738,
656 4399 785 4481 b1761.
908 4399 1037 4484 cltydr.
1158 4398 1292 4479 d1762;

331 4543 334 4551 '
659 4499 666 4515 ¹
822 4531 910 4650 Q
1221 4527 1392 4631 licitatis,
